@BOOK{Abraham82a-ed,
  EDITOR = {Abraham, Werner},
  PUBLISHER = {\original Gunter Narr Verlag \jetzt Stauffenburg Verlag},
  ADDRESS = {Tübingen},
  BOOKTITLE = {{Satzglieder im Deutschen -- Vorschläge zur syntaktischen, semantischen und pragmatischen Fundierung}},
  NUMBER = {15},
  SERIES = {Studien zur deutschen Grammatik},
  TITLE = {{Satzglieder im Deutschen -- Vorschläge zur syntaktischen, semantischen und pragmatischen Fundierung}},
  YEAR = {1982},
}

@BOOK{AvG97,
  EDITOR = {Abraham, Werner and {van Gelderen}, Elly},
  PUBLISHER = {Max Niemeyer Verlag},
  ADDRESS = {Tübingen},
  BOOKTITLE = {{German}: {Syntactic} Problems---{Problematic} Syntax},
  DOI = {10.1515/9783110914726},
  NUMBER = {374},
  SERIES = {Linguistische Arbeiten},
  TITLE = {{German}: {Syntactic} Problems---{Problematic} Syntax},
  YEAR = {1997},
}

@UNPUBLISHED{AMM2013a,
  AUTHOR = {Ackerman, Farrell and Malouf, Robert and Moore, John},
  URL = {http://csli-publications.stanford.edu/HPSG/2013/abstr-amm.pdf},
  NOTE = {Paper presentend at the 20th {International Conference on Head-Driven Phrase Structure Grammar, Freie Universität Berlin}},
  TITLE = {Symmetric Objects in {Moro}},
  URLDATE = {2020-09-22},
  YEAR = {2013},
}

@ARTICLE{Adams1987a-u,
  ABSTRACT = {The pattern of pro-drop found in OF suggested a revision in the theory of pro-drop. The theory proposed removes the phenomenon from the set of universal parameters and argues for the possibility of reducing it to directional government and feature identification. In this way we begin to explain why some languages do and some do not allow empty subjects. Notice that when one attributes a property to a parameter one is saying, in effect, that that property cannot be explained, at least not linguistically. The main purpose of this paper has been to try to explain linguistically the pro-drop parameter.},
  AUTHOR = {Adams, Marianne},
  DOI = {10.1007/BF00161866},
  JOURNAL = {Natural Language \& Linguistic Theory},
  NUMBER = {1},
  PAGES = {1--32},
  TITLE = {From {Old French} to the Theory of pro-Drop},
  VOLUME = {5},
  YEAR = {1987},
}

@BOOK{AH97a-ed,
  EDITOR = {Alexiadou, Artemis and Hall, T. Alan},
  PUBLISHER = {John Benjamins Publishing Co.},
  ADDRESS = {Amsterdam},
  BOOKTITLE = {Studies on {Universal Grammar} and Typological Variation},
  DOI = {10.1075/la.13},
  NUMBER = {13},
  SERIES = {Linguistik Aktuell/""Linguistics Today},
  TITLE = {Studies on {Universal Grammar} and Typological Variation},
  YEAR = {1997},
}

@BOOK{AAD73a,
  ABSTRACT = {Preis: 31.01.2016: 99,95€},
  AUTHOR = {Allwood, Jens and Anderson, Lars-Gunnar and Dahl, Östen},
  PUBLISHER = {Max Niemeyer Verlag},
  ADDRESS = {Tübingen},
  NUMBER = {8},
  SERIES = {Romanistische Arbeitshefte},
  TITLE = {{Logik für Linguisten}},
  YEAR = {1973},
}

@INPROCEEDINGS{Alsina96a,
  ABSTRACT = {Argumentstructure operations in syntax, sieht so ein bißchen nach Construction Grammar aus},
  AUTHOR = {Alsina, Alex},
  CROSSREF = {BK96a-ed},
  PAGES = {1--15},
  TITLE = {Resultatives: {A} Joint Operation of Semantic and Syntactic Structures},
}

@INPROCEEDINGS{Anderson2006a-u,
  AUTHOR = {Anderson, Stephen R.},
  CROSSREF = {BLS32},
  DOI = {10.3765/bls.v32i1.3435},
  PAGES = {3--21},
  TITLE = {Verb Second, Subject Clitics, and Impersonals in {Surmiran} ({Rumantsch})},
}

@PROCEEDINGS{BLS32,
  EDITOR = {Antić, Zhenya and Chang, Charles B. and Cibelli, Emily and Hong, Jisup and Houser, Michael J. and Sandy, Clare S. and Toosarvandani, Maziar and Yao, Yao},
  PUBLISHER = {Berkeley Linguistics Society},
  ADDRESS = {Berkeley, CA},
  BOOKTITLE = {Proceedings of the {32nd Annual Meeting of the Berkeley Linguistics Society}: {Theoretical} Approaches to Argument Structure},
  TITLE = {Proceedings of the {32nd Annual Meeting of the Berkeley Linguistics Society}: {Theoretical} Approaches to Argument Structure},
  VOLUME = {32},
  YEAR = {2006},
}

@ARTICLE{Askedal88,
  ABSTRACT = {zitiert in Eisenberg94:383},
  AUTHOR = {Askedal, John Ole},
  DOI = {10.1515/zfgl.1988.16.1.1},
  JOURNAL = {Zeitschrift für Germanistische Linguistik},
  NUMBER = {1},
  PAGES = {1--25},
  TITLE = {{Über den Infinitiv als Subjekt im Deutschen}},
  VOLUME = {16},
  YEAR = {1988},
}

@ARTICLE{ADT2013a,
  AUTHOR = {Asudeh, Ash and Dalrymple, Mary and Toivonen, Ida},
  DOI = {10.15398/jlm.v1i1.56},
  IDS = {asudehEA-jlm13},
  JOURNAL = {Journal of Language Modelling},
  NUMBER = {1},
  PAGES = {1--54},
  TITLE = {Constructions with Lexical Integrity},
  VOLUME = {1},
  YEAR = {2013},
}

@INPROCEEDINGS{ADT2008a,
  AUTHOR = {Asudeh, Ash and Dalrymple, Mary and Toivonen, Ida},
  URL = {http://csli-publications.stanford.edu/LFG/13/papers/lfg08asudehetal.pdf},
  CROSSREF = {BK2008a-ed},
  PAGES = {68--88},
  TITLE = {Constructions with Lexical Integrity: {Templates} as the Lexicon-Syntax Interface},
  URLDATE = {2021-02-10},
}

@BOOK{BV72,
  ABSTRACT = {zitiert von Reis80, Thiersch78, ßorgfältig wegen des Tadels, Adverbiale undSkopus young and old men without hair},
  AUTHOR = {Bartsch, Renate and Vennemann, Theo},
  PUBLISHER = {Athenäum},
  ADDRESS = {Frankfurt/Main},
  NUMBER = {9},
  SERIES = {Athenäum-Skripten Linguistik},
  TITLE = {Semantic Structures: {A} Study in the Relation between Semantics and Syntax},
  YEAR = {1972},
}

@BOOK{Bech55a,
  AUTHOR = {Bech, Gunnar},
  PUBLISHER = {Det Kongelige Danske Videnskabernes Selskab},
  ADDRESS = {København},
  IDS = {gunnar1955studien},
  NUMBER = {none},
  RELATED = {e715c9da0379ff7e8e65a31431c4542a},
  RELATEDSTRING = {\reprintas},
  SERIES = {Historisk-filologiske Meddekekser udgivet af Det Kongelige Danske Videnskabernes Selskab. Bind 35, no. 2, 1955; Bind 36, no. 6, 1957},
  TITLE = {{Studien über das deutsche Verbum infinitum}},
  YEAR = {1955},
}

@BOOK{e715c9da0379ff7e8e65a31431c4542a,
  OPTIONS = {uniquename=false,skipbib=1,skipbiblist=1,uniquelist=false,skiplab=1},
  AUTHOR = {Bech, Gunnar},
  PUBLISHER = {Max Niemeyer Verlag},
  ADDRESS = {Tübingen},
  DOI = {none},
  EDITION = {2},
  NUMBER = {139},
  SERIES = {Linguistische Arbeiten},
  TITLE = {{Studien über das deutsche Verbum infinitum}},
  YEAR = {1983},
}

@BOOK{Behaghel32-u,
  ABSTRACT = {zitiert von dBE83a:179 zu OFU},
  AUTHOR = {Behaghel, Otto},
  PUBLISHER = {Carl Winters Universitätsbuchhandlung},
  ADDRESS = {Heidelberg},
  NUMBER = {10},
  SERIES = {Germanische Bibliothek 1: Sammlung germanischer Elementar- und Handbücher. R. 1: Grammatiken},
  TITLE = {{Die deutsche Syntax: Eine geschichtliche Darstellung: Wortstellung. Periodenbau}},
  VOLUME = {4},
  YEAR = {1932},
}

@BOOK{Berman2003a,
  AUTHOR = {Berman, Judith},
  PUBLISHER = {CSLI Publications},
  ADDRESS = {Stanford, CA},
  NUMBER = {12},
  SERIES = {Studies in Constraint"=Based Lexicalism},
  TITLE = {Clausal Syntax of {German}},
  YEAR = {2003},
}

@BOOK{Bhatt99a-u,
  AUTHOR = {Bhatt, Rakesh Mohan},
  PUBLISHER = {Kluwer Academic Publishers},
  ADDRESS = {Dordrecht},
  DOI = {10.1007/978-94-015-9279-6},
  NUMBER = {46},
  SERIES = {Studies in Natural Language and Linguistic Theory},
  TITLE = {Verb Movement and the Syntax of {Kashmiri}},
  YEAR = {1999},
}

@BOOK{Bierwisch63a,
  ABSTRACT = {S. 79: Sie kann keinen Handstand, Sie moechte einen Pelzmantel -> Ellipse},
  AUTHOR = {Bierwisch, Manfred},
  PUBLISHER = {Akademie Verlag},
  ADDRESS = {Berlin},
  NUMBER = {2},
  SERIES = {studia grammatica},
  TITLE = {{Grammatik des deutschen Verbs}},
  YEAR = {1963},
}

@INCOLLECTION{Bildhauer2014a-u,
  AUTHOR = {Bildhauer, Felix},
  CROSSREF = {CSS2014a-ed},
  PAGES = {526--555},
  TITLE = {{Head-Driven Phrase Structure Grammar}},
}

@ARTICLE{BB2007a,
  AUTHOR = {Bjerre, Anne and Bjerre, Tavs},
  DOI = {10.1017/S0332586507001643},
  JOURNAL = {Nordic Journal of Linguistics},
  NUMBER = {1},
  PAGES = {5--53},
  TITLE = {Perfect and Periphrastic Passive Constructions in {Danish}},
  VOLUME = {30},
  YEAR = {2007},
}

@BOOK{BB2005a,
  AUTHOR = {Blackburn, Patrick and Bos, Johan},
  PUBLISHER = {CSLI Publications},
  ADDRESS = {Stanford, CA},
  NUMBER = {none},
  SERIES = {Studies in Computational Linguistics},
  TITLE = {Representation and Inference for Natural Language: {A} First Course in Computational Semantics},
  YEAR = {2005},
}

@BOOK{Bloomfield33a-u,
  AUTHOR = {Bloomfield, Leonard},
  PUBLISHER = {Holt, Rinehart, and Winston},
  ADDRESS = {New York, NY},
  ANNOTATION = {3rd edition, 1984, Head, endocentric, exocentric, Aronoff93a:12 Definition fürMorphologie, Aronoff93a:33: stem-based, word-based, Anderson88a: Bloomfield hat Analyse mit subtraktivem Morphem},
  IDS = {bloom},
  NUMBER = {none},
  SERIES = {none},
  TITLE = {Language},
  YEAR = {1933},
}

@BOOK{BS2012a-ed,
  EDITOR = {Boas, Hans C. and Sag, Ivan A.},
  PUBLISHER = {CSLI Publications},
  ADDRESS = {Stanford, CA},
  BOOKTITLE = {{Sign-Based Construction Grammar}},
  IDS = {boas;sag12},
  NUMBER = {193},
  SERIES = {CSLI Lecture Notes},
  TITLE = {{Sign-Based Construction Grammar}},
  YEAR = {2012},
}

@INCOLLECTION{BGK2004a-u,
  AUTHOR = {Bonami, Olivier and Godard, Danièle and Kampers-Manhe, B.},
  CROSSREF = {CorblinDeSwart2004a-ed},
  PAGES = {143--184},
  TITLE = {Adverb Classification},
}

@REPORT{Borsley87a,
  AUTHOR = {Borsley, Robert D.},
  INSTITUTION = {Center for the Study of Language and Information},
  ADDRESS = {Stanford, CA},
  NUMBER = {{No. CSLI-87-107}},
  TITLE = {Subjects and Complements in {HPSG}},
  TYPE = {Report},
  YEAR = {1987},
}

@ARTICLE{BK2000a-u,
  AUTHOR = {Borsley, Robert D. and Kathol, Andreas},
  DOI = {10.1515/ling.2000.002},
  JOURNAL = {Linguistics},
  LANGID = {english},
  NUMBER = {4},
  PAGES = {665--710},
  TITLE = {Breton as a {V2} Language},
  VOLUME = {38},
  YEAR = {2000},
}

@BOOK{BTW2007a-u,
  AUTHOR = {Borsley, Robert D. and Tallerman, Maggie and Willis, David},
  PUBLISHER = {Cambridge University Press},
  ADDRESS = {Cambridge},
  BOOKTITLE = {The Syntax of {Welsh}},
  DOI = {10.1017/CBO9780511486227},
  IDS = {BorsleyTallermanWillis2007,BTW07},
  NUMBER = {7},
  SERIES = {Cambridge Syntax Guides},
  TITLE = {The Syntax of {Welsh}},
  YEAR = {2007},
}

@INCOLLECTION{Bouma2003a-u,
  AUTHOR = {Bouma, Gosse},
  EDITOR = {Seuren, Pieter A. M. and Kempen, Gerard},
  PUBLISHER = {John Benjamins Publishing Co.},
  ADDRESS = {Amsterdam},
  BOOKTITLE = {Verb Constructions in {German} and {Dutch}},
  CROSSREF = {SK2003a-ed},
  DOI = {10.1075/cilt.242.02bou},
  PAGES = {5--42},
  TITLE = {Verb Clusters and the Scope of Adjuncts in {Dutch}},
  YEAR = {2003},
}

@BOOK{Bresnan82a-ed,
  EDITOR = {Bresnan, Joan},
  PUBLISHER = {MIT Press},
  ADDRESS = {Cambridge, MA},
  BOOKTITLE = {The Mental Representation of Grammatical Relations},
  IDS = {Bresnan1982a,bresnan_j82},
  NUMBER = {none},
  SERIES = {{MIT Press} Series on Cognitive Theory and Mental Representation},
  TITLE = {The Mental Representation of Grammatical Relations},
  YEAR = {1982},
}

@BOOK{BATW2016a,
  AUTHOR = {Bresnan, Joan and Asudeh, Ash and Toivonen, Ida and Wechsler, Stephen},
  PUBLISHER = {Wiley-Blackwell},
  ADDRESS = {Oxford},
  BOOKTITLE = {Lexical-Functional Syntax},
  DOI = {10.1002/9781119105664},
  EDITION = {2},
  IDS = {Bresnan+etal:2015,BATW2015a},
  NUMBER = {16},
  SERIES = {Blackwell Textbooks in Linguistics},
  TITLE = {Lexical"=Functional Syntax},
  YEAR = {2016},
}

@BOOK{Brown2006a-ed,
  EDITOR = {Brown, Keith},
  PUBLISHER = {Elsevier Science Publisher B.V. (North-Holland)},
  ADDRESS = {Oxford},
  BOOKTITLE = {The Encyclopedia of Language and Linguistics},
  EDITION = {2},
  NUMBER = {none},
  SERIES = {none},
  TITLE = {The Encyclopedia of Language and Linguistics},
  YEAR = {2006},
}

@BOOK{BvH96a-ed,
  EDITOR = {Bunt, Harry and van Horck, Arthur},
  PUBLISHER = {Mouton de Gruyter},
  ADDRESS = {Berlin},
  BOOKTITLE = {Discontinuous Constituency},
  DOI = {10.1515/9783110873467},
  NUMBER = {6},
  SERIES = {Natural Language Processing},
  TITLE = {Discontinuous Constituency},
  YEAR = {1996},
}

@PROCEEDINGS{BK96a-ed,
  EDITOR = {Butt, Miriam and King, Tracy Holloway},
  PUBLISHER = {CSLI Publications},
  URL = {http://csli-publications.stanford.edu/LFG/1/},
  ADDRESS = {Stanford, CA},
  BOOKTITLE = {Proceedings of the {LFG '96} Conference, {Rank Xerox, Grenoble}},
  TITLE = {Proceedings of the {LFG '96} Conference, {Rank Xerox, Grenoble}},
  URLDATE = {2021-02-10},
  YEAR = {1996},
}

@PROCEEDINGS{BK2008a-ed,
  EDITOR = {Butt, Miriam and King, Tracy Holloway},
  PUBLISHER = {CSLI Publications},
  URL = {http://csli-publications.stanford.edu/LFG/13/},
  ADDRESS = {Stanford, CA},
  BOOKTITLE = {Proceedings of the {LFG '08} Conference, {University of Sydney}},
  TITLE = {Proceedings of the {LFG '08} Conference, {University of Sydney}},
  URLDATE = {2021-02-10},
  YEAR = {2008},
}

@PROCEEDINGS{BK2010a-ed,
  EDITOR = {Butt, Miriam and King, Tracy Holloway},
  PUBLISHER = {CSLI Publications},
  URL = {http://csli-publications.stanford.edu/LFG/15/},
  ADDRESS = {Stanford, CA},
  BOOKTITLE = {Proceedings of the {LFG '10} Conference, {Carleton University, Ottawa}},
  TITLE = {Proceedings of the {LFG '10} Conference, {Carleton University, Ottawa}},
  URLDATE = {2021-02-10},
  YEAR = {2010},
}

@BOOK{CSS2014a-ed,
  EDITOR = {Carnie, Andrew and Sato, Yosuke and Siddiqi, Dan},
  PUBLISHER = {Routledge},
  ADDRESS = {Oxford},
  BOOKTITLE = {The {Routledge} Handbook of Syntax},
  DOI = {10.4324/9781315796604},
  NUMBER = {1},
  SERIES = {Routledge Handbooks},
  TITLE = {The {Routledge} Handbook of Syntax},
  YEAR = {2014},
}

@BOOK{Chomsky57a,
  ABSTRACT = {CT78:39 discovery procedure, Blevins2001a: V -> V_1 + Part, d.h. ein Prädikat},
  AUTHOR = {Chomsky, Noam},
  PUBLISHER = {Mouton de Gruyter},
  ADDRESS = {Berlin},
  DOI = {10.1515/9783112316009},
  IDS = {Chomsky1957,Chomsky57},
  NUMBER = {4},
  SERIES = {Janua Linguarum / Series Minor},
  TITLE = {Syntactic Structures},
  YEAR = {1957},
}

@BOOK{Chomsky81a,
  AUTHOR = {Chomsky, Noam},
  PUBLISHER = {Foris Publications},
  ADDRESS = {Dordrecht},
  DOI = {10.1515/9783110884166},
  IDS = {Chomsky:1981,chom:81,Chomsky81,Chomsky1981},
  LANGID = {english},
  NUMBER = {9},
  SERIES = {Studies in Generative Grammar},
  TITLE = {Lectures on Government and Binding},
  YEAR = {1981},
}

@INCOLLECTION{Chomsky70a,
  AUTHOR = {Chomsky, Noam},
  CROSSREF = {JR70},
  IDS = {Chomsky1970,Chomsky70},
  PAGES = {184--221},
  TITLE = {Remarks on Nominalization},
}

@INPROCEEDINGS{Christie2010a,
  AUTHOR = {Christie, Elizabeth},
  CROSSREF = {BK2010a-ed},
  PAGES = {155--164},
  TITLE = {Using Templates to Account for {English} Resultatives},
}

@ARTICLE{CFPS2005a,
  AUTHOR = {Copestake, Ann and Flickinger, Dan and Pollard, Carl and Sag, Ivan A.},
  ANNOTATION = {mrs},
  DOI = {10.1007/s11168-006-6327-9},
  IDS = {Copestakeetal2005,mrs,MRS,Copestake:Flickinger:Pollard:Sag:2005,copestake;ea05},
  JOURNAL = {Research on Language and Computation},
  NUMBER = {2--3},
  PAGES = {281--332},
  TITLE = {{Minimal Recursion Semantics}: {An} Introduction},
  VOLUME = {3},
  YEAR = {2005},
}

@BOOK{CorblinDeSwart2004a-ed,
  EDITOR = {Corblin, Francis and {de Swart}, Henriëtte},
  PUBLISHER = {CSLI Publications},
  ADDRESS = {Stanford, CA},
  BOOKTITLE = {Handbook of {French} Semantics},
  NUMBER = {170},
  SERIES = {CSLI Lecture Notes},
  TITLE = {Handbook of {French} Semantics},
  YEAR = {2004},
}

@INPROCEEDINGS{Crysmann2004a,
  AUTHOR = {Crysmann, Berthold},
  URL = {http://csli-publications.stanford.edu/HPSG/2004/crysmann.pdf},
  CROSSREF = {Mueller2004a-ed},
  IDS = {Crysmann:04},
  PAGES = {378--392},
  TITLE = {Underspecification of Intersective Modifier Attachment: {Some} Arguments from {German}},
  URLDATE = {2021-02-10},
}

@BOOK{CJ2005a,
  AUTHOR = {Culicover, Peter W. and Jackendoff, Ray S.},
  PUBLISHER = {Oxford University Press},
  ADDRESS = {Oxford},
  DOI = {10.1093/acprof:oso/9780199271092.001.0001},
  IDS = {CulicoverandJackendoff2005,Culicover:Jackendoff:05},
  NUMBER = {none},
  SERIES = {Oxford Linguistics},
  TITLE = {{Simpler Syntax}},
  YEAR = {2005},
}

@BOOK{Davis2001a-u,
  AUTHOR = {Davis, Anthony R.},
  PUBLISHER = {CSLI Publications},
  ADDRESS = {Stanford, CA},
  IDS = {Davis2001},
  NUMBER = {10},
  SERIES = {Studies in Constraint-Based Lexicalism},
  TITLE = {Linking by Types in the Hierarchical Lexicon},
  YEAR = {2001},
}

@MISC{DKMM2004a-u,
  AUTHOR = {{De Kuthy}, Kordula and Metcalf, Vanessa and Meurers, Walt Detmar},
  NOTE = {Ohio State University, ms},
  TITLE = {Documentation of the Implementation of the {Milca English Resource Grammar} in the {Trale} System},
  YEAR = {2004},
}

@BOOK{VanDerWouden2012a-ed,
  AUTHOR = {{den Besten}, Hans},
  EDITOR = {van der Wouden, Ton},
  PUBLISHER = {John Benjamins Publishing Co.},
  ADDRESS = {Amsterdam},
  BOOKTITLE = {Roots of {Afrikaans}: {Selected} Writings of {Hans Den Besten}},
  DOI = {10.1075/cll.44},
  NUMBER = {44},
  SERIES = {Creole Language Library},
  TITLE = {Roots of {Afrikaans}: {Selected} Writings of {Hans Den Besten}},
  YEAR = {2012},
}

@INPROCEEDINGS{799dddd64ed055dc181f22504d5f918a,
  OPTIONS = {skipbiblist=1,uniquename=false,skipbib=1,uniquelist=false,skiplab=1},
  AUTHOR = {den Besten, Hans},
  PUBLISHER = {Peter Lang},
  ADDRESS = {Frankfurt a.\,M.},
  BOOKTITLE = {Wheels within wheels. {Papers} of the {Duisburg Symposium on Pidgin and Creole Languages}},
  PAGES = {207--209},
  RELATED = {4f4779b176c16c55c4e3680b51d37ae6},
  RELATEDSTRING = {\reprintas},
  TITLE = {From {Khoekhoe} Foreignertalk via {Hottentot Dutch to Afrikaans}: {The} Creation of a Novel Grammar},
  YEAR = {1989},
}

@ARTICLE{Diesing90a,
  ABSTRACT = {Sag: Extraction},
  AUTHOR = {Diesing, Molly},
  DOI = {10.1007/BF00205531},
  JOURNAL = {Natural Language \& Linguistic Theory},
  NUMBER = {1},
  PAGES = {41--79},
  TITLE = {Verb Movement and the Subject Position in {Yiddish}},
  VOLUME = {8},
  YEAR = {1990},
}

@ARTICLE{Dowty91a,
  AUTHOR = {Dowty, David},
  DOI = {10.2307/415037},
  IDS = {Dowty1991},
  JOURNAL = {Language},
  NUMBER = {3},
  PAGES = {547--619},
  TITLE = {Thematic Proto-Roles and Argument Selection},
  VOLUME = {67},
  YEAR = {1991},
}

@INCOLLECTION{Dryer2013a,
  AUTHOR = {Dryer, Matthew S.},
  URL = {https://wals.info/chapter/s6},
  CROSSREF = {wals},
  TITLE = {Determining Dominant Word Order},
}

@INCOLLECTION{Dryer2013c,
  AUTHOR = {Dryer, Matthew S.},
  URL = {http://wals.info/chapter/81},
  CROSSREF = {wals},
  IDS = {wals-81,dryerWALSwordorder},
  PAGES = {none},
  TITLE = {Order of Subject, Object and Verb},
  URLDATE = {2021-02-10},
}

@BOOK{wals,
  EDITOR = {Dryer, Matthew S. and Haspelmath, Martin},
  PUBLISHER = {Max Planck Institute for Evolutionary Anthropology},
  URL = {http://wals.info/},
  ADDRESS = {Leipzig},
  BOOKTITLE = {The World Atlas of Language Structures Online},
  IDS = {dryhaspWALS},
  NUMBER = {none},
  SERIES = {none},
  TITLE = {The World Atlas of Language Structures Online},
  URLDATE = {2021-02-17},
  YEAR = {2013},
}

@BOOK{Duden2005,
  AUTHOR = {Duden},
  PUBLISHER = {Dudenverlag},
  ADDRESS = {Mannheim, Leipzig, Wien, Zürich},
  BOOKTITLE = {{Duden: Die Grammatik}},
  EDITION = {7},
  TITLE = {{Duden: Die Grammatik}},
  VOLUME = {4},
  YEAR = {2005},
}

@BOOK{DRS97a-ed,
  EDITOR = {Dürscheid, Christa and Ramers, Karl Heinz and Schwarz, Monika},
  PUBLISHER = {Max Niemeyer Verlag},
  ADDRESS = {Tübingen},
  BOOKTITLE = {{Sprache im Fokus: Festschrift für Heinz Vater zum 65.\,Geburtstag}},
  DOI = {none},
  LANGID = {ngerman},
  NUMBER = {none},
  SERIES = {none},
  TITLE = {{Sprache im Fokus: Festschrift für Heinz Vater zum 65.\,Geburtstag}},
  YEAR = {1997},
}

@BOOK{Eisenberg2004a,
  AUTHOR = {Eisenberg, Peter},
  PUBLISHER = {Verlag J.\,B.\ Metzler},
  ADDRESS = {Stuttgart, Weimar},
  EDITION = {2},
  NUMBER = {none},
  SERIES = {none},
  TITLE = {{Grundriß der deutschen Grammatik: Der Satz}},
  VOLUME = {2},
  YEAR = {2004},
}

@INCOLLECTION{Eisenberg94b,
  AUTHOR = {Eisenberg, Peter},
  CROSSREF = {KvdA94a-ed},
  PAGES = {349--387},
  TITLE = {{German}},
}

@BOOK{Duden2005-Authors,
  AUTHOR = {Eisenberg, Peter and Peters, Jörg and Gallmann, Peter and Fabricius-Hansen, Cathrine and Nübling, Damaris and Barz, Irmhild and Fritz, Thomas A. and Fiehler, Reinhard},
  PUBLISHER = {Dudenverlag},
  ADDRESS = {Mannheim, Leipzig, Wien, Zürich},
  BOOKTITLE = {{Duden: Die Grammatik}},
  EDITION = {7},
  TITLE = {{Duden: Die Grammatik}},
  VOLUME = {4},
  YEAR = {2005},
}

@ARTICLE{Fanselow2001a,
  ABSTRACT = {proposes a new base generation account of free constituent order; theta-roleassignment is a by-product of checking the formal features of arguments; materialfrom German, Fanselow2003:12 im Deutschen keine strukturellen Freezingeffekte, 412:behandelt parasitic gaps als koordinierende Konjunktionen},
  AUTHOR = {Fanselow, Gisbert},
  DOI = {10.1162/002438901750372513},
  JOURNAL = {Linguistic Inquiry},
  NUMBER = {3},
  PAGES = {405--437},
  TITLE = {Features, θ-Roles, and Free Constituent Order},
  VOLUME = {32},
  YEAR = {2001},
}

@INPROCEEDINGS{Fanselow2003d,
  AUTHOR = {Fanselow, Gisbert},
  EDITOR = {Mahajan, Anoop},
  PUBLISHER = {UCLA, Linguistics Department},
  ADDRESS = {Los Angeles},
  BOOKTITLE = {Proceedings of the Workshop on Head Movement},
  NUMBER = {10},
  SERIES = {UCLA Working Papers in Linguistics},
  TITLE = {Münchhausen-Style Head Movement and the Analysis of Verb Second},
  YEAR = {2003},
}

@BOOK{FF90,
  EDITOR = {Fanselow, Gisbert and Felix, Sascha W.},
  PUBLISHER = {\original Gunter Narr Verlag \jetzt Stauffenburg Verlag},
  ADDRESS = {Tübingen},
  BOOKTITLE = {{Strukturen und Merkmale syntaktischer Kategorien}},
  NUMBER = {39},
  SERIES = {Studien zur deutschen Grammatik},
  TITLE = {{Strukturen und Merkmale syntaktischer Kategorien}},
  YEAR = {1991},
}

@INCOLLECTION{FLGR2012a,
  AUTHOR = {Fillmore, Charles J. and Lee-Goldmann, Russell R. and Rhomieux, Russell},
  CROSSREF = {BS2012a-ed},
  PAGES = {309--372},
  TITLE = {The {FrameNet} Constructicon},
}

@BOOK{FM2015a-ed,
  EDITOR = {Fink\-bei\-ner, Rita and Meibauer, Jörg},
  PUBLISHER = {de Gruyter},
  ADDRESS = {Berlin},
  BOOKTITLE = {{Satztypen und Konstruktionen im Deutschen}},
  DOI = {10.1515/9783110423112},
  LANGID = {german},
  NUMBER = {65},
  SERIES = {Linguistik -- Impulse \& Tendenzen},
  TITLE = {{Satztypen und Konstruktionen im Deutschen}},
  YEAR = {2015},
}

@ARTICLE{Fitch2007a-u,
  AUTHOR = {Fitch, W. Tecumseh},
  JOURNAL = {Nature},
  NUMBER = {11},
  PAGES = {665--667},
  TITLE = {Linguistics: {An} Invisible Hand},
  VOLUME = {449},
  YEAR = {2007},
}

@INCOLLECTION{Fontana97a-u,
  AUTHOR = {Fontana, Josep M.},
  PUBLISHER = {Cambridge University Press},
  ADDRESS = {Cambridge, UK},
  BOOKTITLE = {Parameters of Morphosyntactic Change},
  PAGES = {207--249},
  TITLE = {On the Integration of Second Position Phenomena},
  YEAR = {1997},
}

@BOOK{Frey93a,
  ABSTRACT = {BH97a:11 In Peters$_i$ Wagen hat sie ihn$_{*i}$ gestoÔøΩÔøΩen, Gunkel99a:135: eigenenLexikoneintrag für Infinitiv bei lassen-Passiv},
  AUTHOR = {Frey, Werner},
  PUBLISHER = {Akademie Verlag},
  ADDRESS = {Berlin},
  BOOKTITLE = {{Syntaktische Bedingungen für die semantische Interpretation: Über Bindung, implizite Argumente und Skopus}},
  NUMBER = {35},
  SERIES = {studia grammatica},
  TITLE = {{Syntaktische Bedingungen für die semantische Interpretation: Über Bindung, implizite Argumente und Skopus}},
  YEAR = {1993},
}

@REPORT{Frey2004a,
  AUTHOR = {Frey, Werner},
  INSTITUTION = {Germanistisches Institut der Universität Lund},
  NUMBER = {52},
  PAGES = {1--39},
  TITLE = {The Grammar-Pragmatics Interface and the {German} Prefield},
  TYPE = {Forschungsprogramm Sprache und Pragmatik},
  YEAR = {2004},
}

@REPORT{Fries88b,
  ABSTRACT = {zitiert in Grewendorf93},
  AUTHOR = {Fries, Norbert},
  INSTITUTION = {Germanistisches Institut der Universität Lund},
  NUMBER = {3},
  PAGES = {19--49},
  TITLE = {{Über das Null-Topik im Deutschen}},
  TYPE = {{Forschungsprogramm Sprache und Pragmatik}},
  YEAR = {1988},
}

@INCOLLECTION{denBesten2012a-u,
  CROSSREF = {VanDerWouden2012a-ed},
  PAGES = {257--287},
  RELATED = {799dddd64ed055dc181f22504d5f918a},
  RELATEDSTRING = {\reprintfrom},
  TITLE = {From {Khoekhoe} Foreignertalk via {Hottentot Dutch to Afrikaans}: {The} Creation of a Novel Grammar},
}

@INCOLLECTION{4f4779b176c16c55c4e3680b51d37ae6,
  OPTIONS = {skipbiblist=1,uniquename=false,skipbib=1,uniquelist=false,skiplab=1},
  CROSSREF = {VanDerWouden2012a-ed},
  PAGES = {257--287},
  RELATED = {799dddd64ed055dc181f22504d5f918a},
  RELATEDSTRING = {\reprintfrom},
  TITLE = {From {Khoekhoe} Foreignertalk via {Hottentot Dutch to Afrikaans}: {The} Creation of a Novel Grammar},
}

@BOOK{GKPS85a,
  AUTHOR = {Gazdar, Gerald and Klein, Ewan and Pullum, Geoffrey K. and Sag, Ivan A.},
  PUBLISHER = {Harvard University Press},
  ADDRESS = {Cambridge, MA},
  IDS = {GPSG85,gpsg,Gazdar85,gkps},
  NUMBER = {none},
  SERIES = {none},
  TITLE = {{Generalized Phrase Structure Grammar}},
  YEAR = {1985},
}

@ARTICLE{GPS82a-u,
  AUTHOR = {Gazdar, Gerald and Pullum, Geoffrey K. and Sag, Ivan A.},
  DOI = {10.2307/413850},
  IDS = {Gazdaretal1982},
  JOURNAL = {Language},
  NUMBER = {3},
  PAGES = {591--638},
  TITLE = {Auxiliaries and Related Phenomena in a Restrictive Theory of Grammar},
  VOLUME = {58},
  YEAR = {1982},
}

@ARTICLE{Geach70a,
  ABSTRACT = {Meurers2000b:26 functional composition -> HN89},
  AUTHOR = {Geach, Peter Thomas},
  ANNOTATION = {reprint as Geach72a Felix meint, die Zeitschrift ist weit verbreitet und mache Artikel mehrfach wiederveröffentlicht.},
  DOI = {10.1007/BF00413597},
  JOURNAL = {Synthese},
  NUMBER = {1--2},
  PAGES = {3--17},
  TITLE = {A Program for Syntax},
  VOLUME = {22},
  YEAR = {1970},
}

@BOOK{GSag2000a-u,
  AUTHOR = {Ginzburg, Jonathan and Sag, Ivan A.},
  PUBLISHER = {CSLI Publications},
  ADDRESS = {Stanford, CA},
  BOOKTITLE = {Interrogative Investigations: {The} Form, Meaning, and Use of {English} Interrogatives},
  IDS = {GinzburgandSag2001,ginzsag,GS00,Ginzburg:Sag:2000,Ginzburg:Sag:01,Ginzburg:Sag:00,ginzburg;sag00},
  NUMBER = {123},
  SERIES = {CSLI Lecture Notes},
  TITLE = {Interrogative Investigations: {The} Form, Meaning, and Use of {English} Interrogatives},
  YEAR = {2000},
}

@INCOLLECTION{GS2021a,
  AUTHOR = {Godard, Danièle and Samvelian, Pollet},
  CROSSREF = {HPSGHandbook},
  DOI = {10.5281/zenodo.5599838},
  PAGES = {419--488},
  TITLE = {Complex Predicates},
}

@BOOK{Goldberg95a,
  AUTHOR = {Goldberg, Adele E.},
  PUBLISHER = {The University of Chicago Press},
  ADDRESS = {Chicago, IL},
  IDS = {Goldberg1995},
  NUMBER = {none},
  SERIES = {Cognitive Theory of Language and Culture},
  TITLE = {Constructions: {A} {Construction Grammar} Approach to Argument Structure},
  YEAR = {1995},
}

@ARTICLE{GJ2004a,
  AUTHOR = {Goldberg, Adele E. and Jackendoff, Ray S.},
  JOURNAL = {Language},
  NUMBER = {3},
  PAGES = {532--568},
  TITLE = {The {English} Resultative as a Family of {Constructions}},
  VOLUME = {80},
  YEAR = {2004},
}

@PROCEEDINGS{Goerz92a-ed,
  EDITOR = {Görz, Günther},
  PUBLISHER = {Springer\hyp Verlag},
  ADDRESS = {Berlin},
  BOOKTITLE = {{Konvens 92. 1.\,Konferenz "`Verarbeitung natürlicher Sprache"'. Nürn\-berg 7.--9.\,Oktober 1992}},
  DOI = {10.1007/978-3-642-77809-4},
  LANGID = {ngerman},
  SERIES = {Informatik aktuell},
  TITLE = {{Konvens 92. 1.\,Konferenz "`Verarbeitung natürlicher Sprache"'. Nürn\-berg 7.--9.\,Oktober 1992}},
  YEAR = {1992},
}

@INCOLLECTION{Greenberg63a-u,
  AUTHOR = {Greenberg, Joseph H.},
  EDITOR = {Greenberg, Joseph},
  PUBLISHER = {MIT Press},
  ADDRESS = {Cambridge, MA},
  BOOKTITLE = {Universals in Language},
  PAGES = {58--90},
  TITLE = {Some Universals of Grammar with Particular Reference to the Order of Meaningful Elements},
  YEAR = {1963},
}

@BOOK{Grewendorf88a,
  ABSTRACT = {Suchsland95a:75,76, Suchsland97a:152 Subjekt leeres Subjekt beim persoenlichen Passiv (pro) Kindt: Grewendorf88:18 sagt, dass Tests heuristisch sind.},
  AUTHOR = {Grewendorf, Günther},
  PUBLISHER = {\original Gunter Narr Verlag \jetzt Stauffenburg Verlag},
  ADDRESS = {Tübingen},
  LANGID = {german},
  NUMBER = {33},
  SERIES = {Studien zur deutschen Grammatik},
  TITLE = {{Aspekte der deutschen Syntax: Eine Rektions"=Bindungs"=Analyse}},
  YEAR = {1988},
}

@BOOK{Grewendorf2002a,
  AUTHOR = {Grewendorf, Günther},
  PUBLISHER = {A. Francke Verlag GmbH},
  ADDRESS = {Tübingen, Basel},
  NUMBER = {2313},
  SERIES = {UTB für Wissenschaft: Uni-Taschenbücher},
  TITLE = {{Minimalistische Syntax}},
  YEAR = {2002},
}

@INCOLLECTION{Grewendorf95a,
  AUTHOR = {Grewendorf, Günther},
  CROSSREF = {JvSSV95a-ed},
  IDS = {Grewendorf93},
  PAGES = {1288--1319},
  TITLE = {German: {A} Grammatical Sketch},
}

@INCOLLECTION{Haftka96a,
  AUTHOR = {Haftka, Brigitta},
  CROSSREF = {LZ96a-ed},
  DOI = {10.1515/9783110622522-007},
  PAGES = {121--141},
  TITLE = {{Deutsch ist eine V/2-Sprache mit Verbendstellung und freier Wortfolge}},
}

@BOOK{HS2014a-ed,
  EDITOR = {Hagemann, Jörg and Staffeldt, Sven},
  PUBLISHER = {Stauffenburg Verlag},
  ADDRESS = {Tü\-bing\-en},
  BOOKTITLE = {{Syntaxtheorien: Analysen im Vergleich}},
  LANGID = {ngerman},
  NUMBER = {28},
  SERIES = {Stauffenburg Einführungen},
  TITLE = {{Syntaxtheorien: Analysen im Vergleich}},
  YEAR = {2014},
}

@ARTICLE{Haider86,
  AUTHOR = {Haider, Hubert},
  PUBLISHER = {Westdeutscher Verlag},
  JOURNAL = {Linguistische Berichte},
  NUMBER = {none},
  PAGES = {3--33},
  TITLE = {{Fehlende Argumente: Vom Passiv zu kohärenten Infinitiven}},
  VOLUME = {101},
  YEAR = {1986},
}

@ARTICLE{Haider86c,
  ABSTRACT = {S. 88: Null-Kasus fuer PRO},
  AUTHOR = {Haider, Hubert},
  JOURNAL = {Groninger Arbeiten zur Germanistischen Linguistik},
  NUMBER = {none},
  PAGES = {73--114},
  TITLE = {{Nicht"=sententiale Infinitive}},
  VOLUME = {28},
  YEAR = {1986},
}

@BOOK{Haider93a,
  AUTHOR = {Haider, Hubert},
  PUBLISHER = {Gunter Narr Verlag},
  ADDRESS = {Tübingen},
  LANGID = {ngerman},
  NUMBER = {325},
  SERIES = {Tübinger Beiträge zur Linguistik},
  TITLE = {{Deutsche Syntax -- generativ: Vorstudien zur Theorie einer projektiven Grammatik}},
  YEAR = {1993},
}

@REPORT{Haider95b-u,
  ABSTRACT = {WL2001a:191 Extraposition = Bewegung des Verbs},
  AUTHOR = {Haider, Hubert},
  INSTITUTION = {Universität Stuttgart},
  ADDRESS = {Stuttgart},
  NUMBER = {\Nr 70},
  TITLE = {Studies on Phrase Structure and Economy},
  TYPE = {Arbeitspapiere des SFB 340},
  YEAR = {1995},
}

@INCOLLECTION{Haider90b,
  AUTHOR = {Haider, Hubert},
  CROSSREF = {FF90},
  PAGES = {121--143},
  TITLE = {{Pro-bleme?}},
}

@INCOLLECTION{Haider97a,
  AUTHOR = {Haider, Hubert},
  CROSSREF = {AvG97},
  DOI = {10.1515/9783110914726-006},
  PAGES = {83--103},
  TITLE = {Projective Economy: {On} the Minimal Functional Structure of the {German} Clause},
}

@INCOLLECTION{Haider97c,
  AUTHOR = {Haider, Hubert},
  ANNOTATION = {mehr als verdreifacht},
  CROSSREF = {AH97a-ed},
  PAGES = {17--33},
  TITLE = {Typological Implications of a Directionality Constraint on Projections},
}

@INCOLLECTION{Haider2020a,
  AUTHOR = {Haider, Hubert},
  ANNOTATION = {was 2017 a},
  CROSSREF = {PP2020a-ed},
  DOI = {10.1017/9781108378291.016},
  PAGES = {339--364},
  TITLE = {{VO/OV}-base Ordering},
}

@BOOK{HP86a-ed,
  EDITOR = {Haider, Hubert and Prinzhorn, Martin},
  PUBLISHER = {Foris Publications},
  ADDRESS = {Dordrecht},
  BOOKTITLE = {Verb Second Phenomena in {Germanic} Languages},
  DOI = {10.1515/9783110846072},
  NUMBER = {21},
  SERIES = {Publications in Language Sciences},
  TITLE = {Verb Second Phenomena in {Germanic} Languages},
  YEAR = {1986},
}

@ARTICLE{Harman63a,
  ABSTRACT = {Suchsland97a:101 -> hat komplexe Kategorien erfunden, gibt schon leere Elemente und WH-Merkmale},
  AUTHOR = {Harman, Gilbert H.},
  ANNOTATION = {Auch in einem Buch erschienen https://doi.org/10.1007/978-94-009-3401-6_5},
  DOI = {10.2307/411954},
  JOURNAL = {Language},
  NUMBER = {4},
  PAGES = {597--616},
  TITLE = {Generative Grammars without Transformation Rules: {A} Defense of Phrase Structure},
  VOLUME = {39},
  YEAR = {1963},
}

@BOOK{Haugereid2009a,
  AUTHOR = {Haugereid, Petter},
  PUBLISHER = {Norwegian University of Science and Technology},
  URL = {http://hdl.handle.net/11250/243990},
  ADDRESS = {Trondheim},
  NUMBER = {122},
  SERIES = {Doctoral Theses at NTNU},
  TITLE = {Phrasal Subconstructions: {A} {Constructionalist} Grammar Design, Exemplified with {Norwegian} and {English}},
  URLDATE = {2020-09-24},
  YEAR = {2009},
}

@INPROCEEDINGS{Haugereid2007a,
  AUTHOR = {Haugereid, Petter},
  CROSSREF = {Mueller2007a-ed},
  PAGES = {120--129},
  TITLE = {Decomposed Phrasal Constructions},
}

@INCOLLECTION{HM94a,
  AUTHOR = {Heinz, Wolfgang and Matiasek, Johannes},
  CROSSREF = {NNP94a-ed},
  PAGES = {199--236},
  TITLE = {Argument Structure and Case Assignment in {German}},
}

@ARTICLE{Hendriksen90a,
  AUTHOR = {Hendriksen, Hans},
  ANNOTATION = {doi: 10.1080/03740463.1990.10411526},
  DOI = {10.1080/03740463.1990.10411526},
  JOURNAL = {Acta Linguistica Hafniensia},
  MONTH = {1},
  NUMBER = {1},
  PAGES = {159--171},
  TITLE = {Sentence position of the verb in {Himachali}},
  VOLUME = {22},
  YEAR = {1990},
}

@INCOLLECTION{HvDA94a,
  AUTHOR = {Henriksen, Carol and van der Auwera, Johan},
  ANNOTATION = {Kapitel haben keine eigene DOI},
  CROSSREF = {KvdA94a-ed},
  PAGES = {1--18},
  TITLE = {The {Germanic} Languages},
}

@INPROCEEDINGS{HK2005a,
  AUTHOR = {Hinrichs, Erhard W and Kübler, Sandra},
  ADDRESS = {Barcelona, Spain},
  BOOKTITLE = {Proceedings of the {Fourth Workshop on Treebanks and Linguistic Theories (TLT)}},
  TITLE = {Treebank Profiling of Spoken and Written {German}},
  YEAR = {2005},
}

@BOOK{HN89a-ed,
  AUTHOR = {Hinrichs, Erhard W. and Nakazawa, Tsuneko},
  EDITOR = {Hinrichs, Erhard W. and Nakazawa, Tsuneko},
  PUBLISHER = {Uni\-ver\-si\-tät Tübingen},
  ADDRESS = {Tü\-bing\-en},
  BOOKTITLE = {Aspects of {German} {VP} Structure},
  NUMBER = {none},
  SERIES = {SfS-Report-01-93},
  TITLE = {Aspects of {German} {VP} Structure},
  YEAR = {1989},
}

@INCOLLECTION{HN89b,
  AUTHOR = {Hinrichs, Erhard W. and Nakazawa, Tsuneko},
  CROSSREF = {HN89a-ed},
  PAGES = {13--23},
  TITLE = {Flipped out: {AUX} in {German}},
  YEAR = {1989},
}

@INCOLLECTION{HN89a,
  AUTHOR = {Hinrichs, Erhard W. and Nakazawa, Tsuneko},
  CROSSREF = {HN89a-ed},
  PAGES = {1--12},
  TITLE = {Subcategorization and {VP} Structure in {German}},
  YEAR = {1989},
}

@INCOLLECTION{HN94a,
  AUTHOR = {Hinrichs, Erhard W. and Nakazawa, Tsuneko},
  CROSSREF = {NNP94a-ed},
  IDS = {HinrichsandNakazawa1994},
  PAGES = {11--38},
  TITLE = {Linearizing {AUXs} in {German} Verbal Complexes},
}

@BOOK{Hoberg81a,
  ABSTRACT = {LP-Regel belebt $<$ unbelebt, zitiert in SS88, S. 454},
  AUTHOR = {Hoberg, Ursula},
  PUBLISHER = {Max Hueber Verlag},
  ADDRESS = {München},
  NUMBER = {10},
  SERIES = {Heutiges Deutsch. Linguistische Grundlagen. Forschungen des Instituts für deutsche Sprache},
  TITLE = {{Die Wortstellung in der geschriebenen deutschen Gegenwartssprache}},
  YEAR = {1981},
}

@BOOK{Hoehle78a,
  ABSTRACT = {Lexikonaufbau, Idioms, Gunkel99a: Hohle61ff sagt was zu Medialkonstruktionen},
  AUTHOR = {Höhle, Tilman N.},
  PUBLISHER = {Max Niemeyer Verlag},
  ADDRESS = {Tübingen},
  BOOKTITLE = {{Lexikalische Syntax: Die Aktiv-Passiv-Relation und andere Infinitkonstruktionen im Deutschen}},
  DOI = {10.1515/9783111345444},
  NUMBER = {67},
  SERIES = {Linguistische Arbeiten},
  TITLE = {{Lexikalische Syntax: Die Aktiv-Passiv-Relation und andere Infinitkonstruktionen im Deutschen}},
  YEAR = {1978},
}

@MISC{Hoehle83a,
  AUTHOR = {Höhle, Tilman N.},
  HOWPUBLISHED = {{Köln}, ms},
  RELATED = {931098e6361d24d304b022f6220a531b},
  RELATEDSTRING = {\publishedAs},
  TITLE = {{Topologische Felder}},
  YEAR = {1983},
}

@REPORT{Hoehle88a,
  AUTHOR = {Höhle, Tilman N.},
  INSTITUTION = {Universität Lund, Germananistisches Institut},
  ADDRESS = {Lund},
  NUMBER = {5},
  PAGES = {2--7},
  RELATED = {74d88175afe0e68835caf0d868f3466d},
  RELATEDSTRING = {\reprintas},
  TITLE = {{Verum-Fokus}},
  TYPE = {Netzwerk Sprache und Pragmatik},
  YEAR = {1988},
}

@UNPUBLISHED{Hoehle91b,
  AUTHOR = {Höhle, Tilman N.},
  NOTE = {Ms. Published as \citew{HoehleProjektionsstufen}},
  TITLE = {{Projektionsstufen bei V-Projektionen: Bemerkungen zu F/T}},
  YEAR = {1991},
}

@INCOLLECTION{Hoehle82a,
  AUTHOR = {Höhle, Tilman N.},
  CROSSREF = {Abraham82a-ed},
  LANGID = {german},
  NOTE = {Republished as \citew{HoehleExplikation}},
  PAGES = {75--153},
  TITLE = {{Explikationen für "`normale Betonung"' und "`normale Wortstellung"'}},
}

@INCOLLECTION{HoehleExplikation,
  AUTHOR = {Höhle, Tilman N.},
  CROSSREF = {MRR2019a-ed},
  PAGES = {107--191},
  TITLE = {{Explikationen für "`normale Betonung"' und "`normale Wortstellung"'}},
}

@INCOLLECTION{HoehleProjektionsstufen,
  AUTHOR = {Höhle, Tilman N.},
  CROSSREF = {MRR2019a-ed},
  NOTE = {First circulated in 1991},
  PAGES = {369--379},
  TITLE = {{Projektionsstufen bei V-Projektionen: Bemerkungen zu F/T}},
}

@INCOLLECTION{HoehleTopo,
  AUTHOR = {Höhle, Tilman N.},
  CROSSREF = {MRR2019a-ed},
  NOTE = {First circulated as draft in 1983},
  PAGES = {7--89},
  TITLE = {{Topologische Felder}},
}

@INCOLLECTION{931098e6361d24d304b022f6220a531b,
  OPTIONS = {uniquelist=false,skiplab=1,skipbiblist=1,uniquename=false,skipbib=1},
  AUTHOR = {Höhle, Tilman N.},
  CROSSREF = {MRR2019a-ed},
  NOTE = {First circulated as draft in 1983},
  PAGES = {7--89},
  TITLE = {{Topologische Felder}},
}

@INCOLLECTION{74d88175afe0e68835caf0d868f3466d,
  OPTIONS = {uniquename=false,skipbib=1,skipbiblist=1,uniquelist=false,skiplab=1},
  AUTHOR = {Höhle, Tilman N.},
  ANNOTATION = {Originally published as \citew{Hoehle88a}},
  CROSSREF = {MRR2019a-ed},
  PAGES = {381--416},
  TITLE = {{Über Verum-Fokus im Deutschen}},
}

@INCOLLECTION{Hoehle97a,
  AUTHOR = {Höhle, Tilman N.},
  CROSSREF = {DRS97a-ed},
  DOI = {none},
  PAGES = {107--120},
  RELATED = {0d3c9c6c868fd9f9dff406cad7894b97},
  RELATEDSTRING = {\reprintas},
  TITLE = {{Vorangestellte Verben und Komplementierer sind eine natürliche Klasse}},
}

@INCOLLECTION{0d3c9c6c868fd9f9dff406cad7894b97,
  OPTIONS = {skiplab=1,uniquelist=false,skipbib=1,uniquename=false,skipbiblist=1},
  AUTHOR = {Höhle, Tilman N.},
  ANNOTATION = {First published as \citew{Hoehle97a}},
  CROSSREF = {MRR2019a-ed},
  PAGES = {417--433},
  TITLE = {{Vorangestellte Verben und Komplementierer sind eine natürliche Klasse}},
}

@INCOLLECTION{Holmberg2015a,
  AUTHOR = {Holmberg, Anders},
  CROSSREF = {KA2015a1-ed},
  DOI = {10.1515/9783110377408.342},
  PAGES = {342--383},
  TITLE = {Verb Second},
}

@ARTICLE{Hudson92a-u,
  ABSTRACT = {In a 'double-object' construction, which of the NPs after the verb is the real object? Contrary to standard assumptions, I shall show that it is the second NP, so the first is the (traditional) 'indirect object'. This finding is important because it challenges the hypothesis that grammatical relations can be shown configurationally and supports the competing claim that grammatical relations are basic. The paper also suggests why judgments on some constructions are so divided; the reason is that three different grammars are all compatible with the same basic data, and differ only on the relatively rare patterns where the variation appears.},
  AUTHOR = {Hudson, Richard},
  ANNOTATION = {VS95a:121 Dativbezug mit Depiktiven nicht möglich},
  ISSN = {00978507, 15350665},
  JOURNAL = {Language},
  NUMBER = {2},
  PAGES = {251--276},
  TITLE = {So-Called `Double Objects' and Grammatical Relations},
  VOLUME = {68},
  YEAR = {1992},
}

@BOOK{Jackendoff77a,
  ABSTRACT = {Komplemente stets Maximalprojektionen},
  AUTHOR = {Jackendoff, Ray S.},
  PUBLISHER = {MIT Press},
  ADDRESS = {Cambridge, MA},
  ANNOTATION = {{$\overline{\mbox{X}}$} falls es noch mal gebraucht wird X̅ does not work =:-(},
  IDS = {Jackendoff77},
  NUMBER = {2},
  SERIES = {Linguistic Inquiry Monographs},
  TITLE = {{$\skoverline{X}$} Syntax: {A} Study of Phrase Structure},
  YEAR = {1977},
}

@BOOK{JvSSV95a-ed,
  EDITOR = {Jacobs, Joachim and {von Stechow}, Arnim and Sternefeld, Wolfgang and Vennemann, Theo},
  PUBLISHER = {Walter de Gruyter},
  ADDRESS = {Berlin},
  BOOKTITLE = {{Syntax -- Ein internationales Handbuch zeit\-genössischer Forschung}},
  DOI = {10.1515/9783110142631.2},
  NUMBER = {9},
  SERIES = {Hand\-bü\-cher zur Sprach- und Kommunikationswissenschaft},
  TITLE = {{Syntax -- Ein internationales Handbuch zeit\-genössischer Forschung}},
  VOLUME = {2},
  YEAR = {1995},
}

@BOOK{JR70,
  EDITOR = {Jacobs, Roderick A. and Rosenbaum, Peter S.},
  PUBLISHER = {Ginn and Company},
  ADDRESS = {Waltham, MA},
  BOOKTITLE = {Readings in {English} {Transformational Grammar}},
  NUMBER = {none},
  SERIES = {none},
  TITLE = {Readings in {English} {Transformational Grammar}},
  YEAR = {1970},
}

@ARTICLE{Jacobson87b,
  ABSTRACT = {Koordination Probleme mit Subsumption bei Koordination von Verben, Busemann: Jacobson kritisiert Valenzbehandlung in Regeln},
  AUTHOR = {Jacobson, Pauline},
  DOI = {10.1007/BF00584132},
  IDS = {jacobson},
  JOURNAL = {Linguistics and Philosophy},
  NUMBER = {3},
  PAGES = {389--426},
  TITLE = {Review of {Gerald Gazdar, Ewan Klein, Geoffrey K. Pullum, and Ivan A. Sag, 1985: Generalized Phrase Structure Grammar}},
  VOLUME = {10},
  YEAR = {1987},
}

@ARTICLE{Johnson86a,
  ABSTRACT = {zitiert in HN zum Verbalkomplex als Konstituente},
  AUTHOR = {Johnson, Mark},
  DOI = {10.1515/ling.1986.24.5.871},
  JOURNAL = {Linguistics},
  NUMBER = {5},
  PAGES = {871--882},
  TITLE = {A {GPSG} Account of {VP} Structure in {German}},
  VOLUME = {24},
  YEAR = {1986},
}

@INCOLLECTION{Kasper94a,
  AUTHOR = {Kasper, Robert T.},
  CROSSREF = {NNP94a-ed},
  PAGES = {39--70},
  TITLE = {Adjuncts in the {Mittelfeld}},
}

@BOOK{KMR2019a-ed,
  EDITOR = {Kertész, András and Moravcsik, Edith and Rákosi, Csilla},
  PUBLISHER = {Mouton de Gruyter},
  ADDRESS = {Berlin},
  BOOKTITLE = {Current Approaches to Syntax: {A} Comparative Handbook},
  DOI = {10.1515/9783110540253},
  NUMBER = {3},
  SERIES = {Comparative Handbooks of Linguistics},
  TITLE = {Current Approaches to Syntax: {A} Comparative Handbook},
  YEAR = {2019},
}

@ARTICLE{KS2002a,
  AUTHOR = {Kim, Jong-Bok and Sag, Ivan A.},
  DOI = {10.1023/A:1015045225019},
  IDS = {KimandSag2002,KS:02},
  JOURNAL = {Natural Language \& Linguistic Theory},
  NUMBER = {2},
  PAGES = {339--412},
  TITLE = {Negation without Head-Movement},
  VOLUME = {20},
  YEAR = {2002},
}

@BOOK{geaf2007,
  EDITOR = {King, Tracy Holloway and Bender, Emily M.},
  PUBLISHER = {CSLI Publications},
  URL = {http://csli-publications.stanford.edu/GEAF/2007/},
  ADDRESS = {Stanford, CA},
  BOOKTITLE = {Proceedings of the {Grammar Engineering Across Frameworks (GEAF07)} Workshop},
  NUMBER = {2},
  SERIES = {Studies in Computational Linguistics ONLINE},
  TITLE = {Proceedings of the {Grammar Engineering Across Frameworks (GEAF07)} Workshop},
  URLDATE = {2021-02-02},
  YEAR = {2007},
}

@BOOK{Kiss95a,
  AUTHOR = {Kiss, Tibor},
  PUBLISHER = {Max Niemeyer Verlag},
  ADDRESS = {Tübingen},
  ANNOTATION = {118,- DM 04.02.2021 109,95€},
  DOI = {10.1515/9783110934670},
  NUMBER = {333},
  SERIES = {Linguistische Arbeiten},
  TITLE = {{Infinite Komplementation: Neue Studien zum deutschen Verbum infinitum}},
  YEAR = {1995},
}

@ARTICLE{Kiss2005a,
  AUTHOR = {Kiss, Tibor},
  DOI = {10.1007/s11049-003-1838-7},
  IDS = {kiss_t02nllt},
  JOURNAL = {Natural Language \& Linguistic Theory},
  NUMBER = {2},
  PAGES = {281--334},
  TITLE = {Semantic Constraints on Relative Clause Extraposition},
  VOLUME = {23},
  YEAR = {2005},
}

@INCOLLECTION{Kiss2001a,
  AUTHOR = {Kiss, Tibor},
  CROSSREF = {MK2001a-ed},
  PAGES = {141--175},
  TITLE = {Configurational and Relational Scope Determination in {German}},
}

@BOOK{KA2015a1-ed,
  EDITOR = {Kiss, Tibor and Alexiadou, Artemis},
  PUBLISHER = {Mouton de Gruyter},
  ADDRESS = {Berlin},
  BOOKTITLE = {Syntax -- Theory and Analysis: {An} International Handbook},
  DOI = {10.1515/9783110377408},
  NUMBER = {42},
  SERIES = {Handbooks of Linguistics and Communication Science},
  TITLE = {Syntax -- Theory and Analysis: {An} International Handbook},
  VOLUME = {1},
  YEAR = {2015},
}

@BOOK{KA2015a2-ed,
  EDITOR = {Kiss, Tibor and Alexiadou, Artemis},
  PUBLISHER = {Mouton de Gruyter},
  ADDRESS = {Berlin},
  BOOKTITLE = {Syntax -- Theory and Analysis: {An} International Handbook},
  DOI = {10.1515/9783110363708},
  NUMBER = {42},
  SERIES = {Handbooks of Linguistics and Communication Science},
  TITLE = {Syntax -- Theory and Analysis: {An} International Handbook},
  VOLUME = {2},
  YEAR = {2015},
}

@BOOK{KvdA94a-ed,
  EDITOR = {König, Ekkehard and van der Auwera, Johan},
  PUBLISHER = {Routledge},
  ADDRESS = {London},
  BOOKTITLE = {The {Germanic} Languages},
  DOI = {10.4324/9781315812786},
  NUMBER = {3},
  SERIES = {Routledge Language Family Descriptions},
  TITLE = {The {Germanic} Languages},
  YEAR = {1994},
}

@ARTICLE{Koster75a,
  ABSTRACT = {Adverbien, Skopus und Extraposition, zitiert in Thiersch78:31, Reis80:68, Beispielemit: "`sorgfaeltig wegen des Tadels"', Adverbien, Skopus und Extraposition, nichtFAS, S. 126: omdat Carol hem up kon bellen weil Carol ihn an kann rufen Zeller97:1lexikalischer Ansatz zu Partikelverben, Kathol2000a:53: erster mit Verbbewegung},
  AUTHOR = {Koster, Jan},
  JOURNAL = {Linguistic Analysis},
  NUMBER = {2},
  PAGES = {111--136},
  TITLE = {{Dutch} as an {SOV} Language},
  VOLUME = {1},
  YEAR = {1975},
}

@ARTICLE{Koster99a-u,
  AUTHOR = {Koster, Jan},
  JOURNAL = {Groninger Arbeiten zur Germanistischen Linguistik},
  NUMBER = {none},
  PAGES = {1--42},
  TITLE = {The Word Orders of {English} and {Dutch}. {Collective} vs. Individual Checking},
  VOLUME = {43},
  YEAR = {1999},
}

@BOOK{LZ96a-ed,
  EDITOR = {Lang, Ewald and Zifonun, Gisela},
  PUBLISHER = {Walter de Gruyter},
  ADDRESS = {Berlin},
  BOOKTITLE = {Deutsch -- typologisch},
  DOI = {10.1515/9783110622522},
  NUMBER = {none},
  SERIES = {Institut für deutsche Sprache, Jahrbuch 1995},
  TITLE = {Deutsch -- typologisch},
  YEAR = {1996},
}

@INCOLLECTION{LM2006a,
  AUTHOR = {Levine, Robert D. and Meurers, Walt Detmar},
  CROSSREF = {Brown2006a-ed},
  DOI = {10.1016/B0-08-044854-2/02040-X},
  IDS = {Levine:Meurers:2006},
  PAGES = {237--252},
  TITLE = {{Head-Driven Phrase Structure Grammar}: {Linguistic} Approach, Formal Foundations, and Computational Realization},
  YEAR = {2006},
}

@INCOLLECTION{Lohnstein2014a,
  AUTHOR = {Lohnstein, Horst},
  ANNOTATION = {war 2013a ConjP},
  CROSSREF = {HS2014a-ed},
  PAGES = {165--185},
  TITLE = {{Artenvielfalt in freier Wildbahn: Generative Grammatik}},
}

@ARTICLE{MB97a,
  AUTHOR = {Macaulay, Monica and Brice, Colleen},
  JOURNAL = {Language},
  NUMBER = {4},
  PAGES = {798--825},
  TITLE = {Don't Touch My Projectile: {Gender} Bias and Stereotyping in Syntactic Examples},
  VOLUME = {73},
  YEAR = {1997},
}

@INCOLLECTION{Maling90a-u,
  AUTHOR = {Maling, Joan},
  PUBLISHER = {Brill},
  CROSSREF = {MalingZaenen1990a-ed},
  DOI = {10.1163/9789004373235_004},
  PAGES = {71--91},
  TITLE = {Inversion in Embedded Clauses in {Modern Icelandic}},
  YEAR = {1990},
}

@COLLECTION{MalingZaenen1990a-ed,
  EDITOR = {Maling, Joan and Zaenen, Annie},
  PUBLISHER = {Emerald Group Publishing},
  ADDRESS = {Bingley, UK},
  DOI = {10.1163/9789004373235},
  NUMBER = {24},
  SERIES = {Syntax and Semantics},
  TITLE = {Modern {Icelandic} Syntax},
  YEAR = {1990},
}

@BOOK{MN90a-ed,
  EDITOR = {Mascaró, Joan and Nespor, Marina},
  PUBLISHER = {Foris Publications},
  ADDRESS = {Dordrecht},
  BOOKTITLE = {Grammar in Progress: {GLOW} Essays for {Henk van Riemsdijk}},
  DOI = {10.1515/9783110867848},
  NUMBER = {36},
  SERIES = {Studies in Generative Grammar},
  TITLE = {Grammar in Progress: {GLOW} Essays for {Henk van Riemsdijk}},
  YEAR = {1990},
}

@ARTICLE{Meinunger2001a,
  AUTHOR = {Meinunger, André},
  JOURNAL = {Linguistic Inquiry},
  NUMBER = {4},
  PAGES = {732--740},
  TITLE = {Restrictions on Verb Raising},
  VOLUME = {32},
  YEAR = {2001},
}

@BOOK{MK2001a-ed,
  EDITOR = {Meurers, W. Detmar and Kiss, Tibor},
  PUBLISHER = {CSLI Publications},
  ADDRESS = {Stanford, CA},
  BOOKTITLE = {Constraint"=Based Approaches to {Germanic} Syntax},
  NUMBER = {7},
  SERIES = {Studies in Constraint"=Based Lexicalism},
  TITLE = {Constraint"=Based Approaches to {Germanic} Syntax},
  YEAR = {2001},
}

@ARTICLE{Meurers99b,
  AUTHOR = {Meurers, Walt Detmar},
  URL = {http://www.sfs.uni-tuebingen.de/~dm/papers/gagl99.html},
  JOURNAL = {Groninger Arbeiten zur Germanistischen Linguistik (GAGL)},
  NUMBER = {none},
  PAGES = {173--226},
  TITLE = {Raising Spirits (and Assigning Them Case)},
  URLDATE = {2021-02-10},
  VOLUME = {43},
  YEAR = {1999},
}

@REPORT{Meurers2000b,
  AUTHOR = {Meurers, Walt Detmar},
  INSTITUTION = {Uni\-ver\-si\-tät Tübingen},
  URL = {http://www.sfs.uni-tuebingen.de/~dm/papers/diss.html},
  ADDRESS = {Tübingen},
  NUMBER = {\Nr 145},
  TITLE = {Lexical Generalizations in the Syntax of {German} Non-Finite Constructions},
  TYPE = {Arbeitspapiere des SFB 340},
  URLDATE = {2021-02-02},
  YEAR = {2000},
}

@BOOK{FG2012-13,
  EDITOR = {Morrill, Glyn and Nederhof, Mark-Jan},
  PUBLISHER = {Springer\hyp Verlag},
  ADDRESS = {Berlin},
  BOOKTITLE = {{Formal Grammar: 17th and 18th International Conferences, FG 2012, Opole, Poland, August 2012}, Revised Selected Papers, {FG 2013, Düsseldorf, Germany, August} 2013: {Proceedings}},
  DOI = {10.1007/978-3-642-39998-5},
  NUMBER = {8036},
  SERIES = {Lecture Notes in Computer Science},
  TITLE = {{Formal Grammar: 17th and 18th International Conferences, FG 2012, Opole, Poland, August 2012}, Revised Selected Papers, {FG 2013}, {Düsseldorf}, {Germany}, {August} 2013: {Proceedings}},
  YEAR = {2013},
}

@BOOK{Mueller99a,
  AUTHOR = {Müller, Stefan},
  PUBLISHER = {Max Niemeyer Verlag},
  ADDRESS = {Tübingen},
  ANNOTATION = {486 Seiten 1999 186,- DM = 95,10€ 31.12.2006 91,59€ 27.11.2008 98€/157$ 23.12.2012 De Gruyter Print + E-Book $238,00/169,95€ = $0,58/0,35€ Print 114,95 buchhandel.de: Letzte Preisänderung am 11.03.2012 15.02.2015 139,95€ /US$ 196,00 print or ebook 23.06.2020 149,95€ Verkauf: Sommer 149, 31.12.99 181, 15.03.2010},
  DOI = {10.1515/9783110915990},
  IDS = {Mueller:99},
  NUMBER = {394},
  SERIES = {Linguistische Arbeiten},
  TITLE = {{Deutsche Syntax deklarativ: {Head-Driven Phrase Structure Grammar} für das Deutsche}},
  YEAR = {1999},
}

@BOOK{Mueller2002b,
  AUTHOR = {Müller, Stefan},
  PUBLISHER = {CSLI Publications},
  ADDRESS = {Stanford, CA},
  BOOKTITLE = {Complex Predicates: {Verbal} Complexes, Resultative Constructions, and Particle Verbs in {German}},
  IDS = {Mueller:02b},
  NUMBER = {13},
  SERIES = {Studies in Constraint"=Based Lexicalism},
  TITLE = {Complex Predicates: {Verbal} Complexes, Resultative Constructions, and Particle Verbs in {German}},
  YEAR = {2002},
}

@ARTICLE{Mueller2003b,
  AUTHOR = {Müller, Stefan},
  JOURNAL = {Deutsche Sprache},
  NUMBER = {1},
  PAGES = {29--62},
  TITLE = {{Mehrfache Vorfeldbesetzung}},
  VOLUME = {31},
  YEAR = {2003},
}

@PROCEEDINGS{Mueller2003a-ed,
  EDITOR = {Müller, Stefan},
  PUBLISHER = {CSLI Publications},
  URL = {http://csli-publications.stanford.edu/HPSG/2003/},
  ADDRESS = {Stanford, CA},
  BOOKTITLE = {Proceedings of the {10th International Conference on Head-Driven Phrase Structure Grammar, Michigan State University}},
  TITLE = {Proceedings of the {10th International Conference on Head-Driven Phrase Structure Grammar, Michigan State University}},
  URLDATE = {2021-02-10},
  YEAR = {2003},
}

@PROCEEDINGS{Mueller2004a-ed,
  EDITOR = {Müller, Stefan},
  PUBLISHER = {CSLI Publications},
  URL = {http://csli-publications.stanford.edu/HPSG/2004/},
  ADDRESS = {Stanford, CA},
  BOOKTITLE = {Proceedings of the {11th International Conference on Head-Driven Phrase Structure Grammar, Center for Computational Linguistics, Katholieke Universiteit Leuven}},
  TITLE = {Proceedings of the {11th International Conference on Head-Driven Phrase Structure Grammar, Center for Computational Linguistics, Katholieke Universiteit Leuven}},
  URLDATE = {2021-02-10},
  YEAR = {2004},
}

@ARTICLE{Mueller2006d,
  AUTHOR = {Müller, Stefan},
  DOI = {10.1353/lan.2006.0213},
  IDS = {Mueller2006},
  JOURNAL = {Language},
  NUMBER = {4},
  PAGES = {850--883},
  TITLE = {Phrasal or Lexical Constructions?},
  VOLUME = {82},
  YEAR = {2006},
}

@BOOK{MuellerLehrbuch1,
  AUTHOR = {Müller, Stefan},
  PUBLISHER = {Stauffenburg Verlag},
  ADDRESS = {Tübingen},
  EDITION = {1},
  NUMBER = {17},
  SERIES = {Stauffenburg Einführungen},
  TITLE = {{Head-Driven Phrase Structure Grammar: Eine Einführung}},
  YEAR = {2007},
}

@PROCEEDINGS{Mueller2007a-ed,
  EDITOR = {Müller, Stefan},
  PUBLISHER = {CSLI Publications},
  URL = {http://csli-publications.stanford.edu/HPSG/2007/},
  ADDRESS = {Stanford, CA},
  BOOKTITLE = {Proceedings of the {14th International Conference on Head-Driven Phrase Structure Grammar, Stanford Department of Linguistics and CSLI’s LinGO Lab}},
  TITLE = {Proceedings of the {14th International Conference on Head-Driven Phrase Structure Grammar, Stanford Department of Linguistics and CSLI’s LinGO Lab}},
  URLDATE = {2021-02-10},
  YEAR = {2007},
}

@ARTICLE{MuellerPersian,
  AUTHOR = {Müller, Stefan},
  ANNOTATION = {Zeitschriftenartikel: Bender u.a. 2010 Grammar Customization. Research on Language and Computation},
  DOI = {10.1017/S0022226709990284},
  IDS = {Mueller2010},
  JOURNAL = {Journal of Linguistics},
  NUMBER = {3},
  PAGES = {601--655},
  TITLE = {Persian Complex Predicates and the Limits of Inheritance"=Based Analyses},
  VOLUME = {46},
  YEAR = {2010},
}

@PROCEEDINGS{Mueller2011a-ed,
  EDITOR = {Müller, Stefan},
  PUBLISHER = {CSLI Publications},
  URL = {http://csli-publications.stanford.edu/HPSG/2011/},
  ADDRESS = {Stanford, CA},
  BOOKTITLE = {Proceedings of the {18th International Conference on Head-Driven Phrase Structure Grammar, University of Washington}},
  TITLE = {Proceedings of the {18th International Conference on Head-Driven Phrase Structure Grammar, University of Washington}},
  URLDATE = {2021-02-10},
  YEAR = {2011},
}

@ARTICLE{MuellerOA,
  AUTHOR = {Müller, Stefan},
  DOI = {10.15398/jlm.v0i1.52},
  JOURNAL = {Journal of Language Modelling},
  NUMBER = {1},
  PAGES = {9--39},
  TITLE = {A Personal Note on Open Access in Linguistics},
  YEAR = {2012},
}

@BOOK{MuellerGTBuch2,
  AUTHOR = {Müller, Stefan},
  PUBLISHER = {Stauffenburg Verlag},
  ADDRESS = {Tübingen},
  ANNOTATION = {Lehre: Stefan Schierholz: Erlangen SS 2013 Olga Keller: Hamburg 2012 Alexander Koller: Potsdam WS 2012/2013 Tanja Avgustinova: Saarbrücken Martin Hase: Bamberg Peter Gallmann: Jena, SS 2013},
  EDITION = {2},
  IDS = {MuellerGTBuch},
  NUMBER = {20},
  SERIES = {Stauffenburg Einführungen},
  TITLE = {{Grammatiktheorie}},
  YEAR = {2013},
}

@BOOK{MuellerLehrbuch3,
  AUTHOR = {Müller, Stefan},
  PUBLISHER = {Stauffenburg Verlag},
  ADDRESS = {Tübingen},
  EDITION = {3},
  IDS = {MuellerLehrbuch},
  NUMBER = {17},
  SERIES = {Stauffenburg Einführungen},
  TITLE = {{Head-Driven Phrase Structure Grammar: Eine Einführung}},
  YEAR = {2013},
}

@PROCEEDINGS{Mueller2013a-ed,
  EDITOR = {Müller, Stefan},
  PUBLISHER = {CSLI Publications},
  URL = {http://csli-publications.stanford.edu/HPSG/2013/},
  ADDRESS = {Stanford, CA},
  BOOKTITLE = {Proceedings of the {20th International Conference on Head-Driven Phrase Structure Grammar, Freie Universität Berlin}},
  TITLE = {Proceedings of the {20th International Conference on Head-Driven Phrase Structure Grammar, Freie Universität Berlin}},
  URLDATE = {2021-02-10},
  YEAR = {2013},
}

@ARTICLE{MuellerUnifying,
  AUTHOR = {Müller, Stefan},
  DOI = {10.1353/lan.2013.0061},
  JOURNAL = {Language},
  NUMBER = {4},
  PAGES = {920--950},
  TITLE = {Unifying Everything: {Some} Remarks on {Simpler Syntax}, {Construction Grammar}, {Minimalism} and {HPSG}},
  VOLUME = {89},
  YEAR = {2013},
}

@INCOLLECTION{MuellerKernigkeit,
  AUTHOR = {Müller, Stefan},
  EDITOR = {y Priemer, Antonio Machicao and Nolda, Andreas and Sioupi, Athina},
  PUBLISHER = {de Gruyter},
  ADDRESS = {Berlin},
  BOOKTITLE = {{Zwischen Kern und Peripherie}},
  DOI = {10.1524/9783050065335},
  NUMBER = {76},
  PAGES = {25--39},
  SERIES = {studia grammatica},
  TITLE = {{Kernigkeit: Anmerkungen zur Kern"=Peripherie"=Unterscheidung}},
  YEAR = {2014},
}

@ARTICLE{MuellerCoreGram,
  AUTHOR = {Müller, Stefan},
  DOI = {10.15398/jlm.v3i1.91},
  IDS = {Mueller2015},
  JOURNAL = {Journal of Language Modelling},
  NUMBER = {1},
  PAGES = {21--86},
  TITLE = {The {CoreGram} Project: {Theoretical} Linguistics, Theory Development and Verification},
  VOLUME = {3},
  YEAR = {2015},
}

@BOOK{MuellerGT-Eng1,
  AUTHOR = {Müller, Stefan},
  PUBLISHER = {Language Science Press},
  ADDRESS = {Berlin},
  BOOKTITLE = {Grammatical Theory: {From} {Transformational Grammar} to Constraint"=Based Approaches},
  DOI = {10.17169/langsci.b25.167},
  EDITION = {1},
  LANGID = {english},
  NUMBER = {1},
  SERIES = {Textbooks in Language Sciences},
  TITLE = {Grammatical Theory: {From} {Transformational Grammar} to Constraint"=Based Approaches},
  YEAR = {2016},
}

@ARTICLE{MuellerFCG,
  AUTHOR = {Müller, Stefan},
  DOI = {10.1075/cf.9.1.05mul},
  JOURNAL = {Constructions and Frames},
  NUMBER = {1},
  PAGES = {139--173},
  TITLE = {{Head-Driven Phrase Structure Grammar}, {Sign-Based Construction Grammar}, and {Fluid Construction Grammar}: {Commonalities} and Differences},
  VOLUME = {9},
  YEAR = {2017},
}

@BOOK{MuellerLFGphrasal,
  AUTHOR = {Müller, Stefan},
  PUBLISHER = {Language Science Press},
  ADDRESS = {Berlin},
  BOOKTITLE = {A Lexicalist Account of Argument Structure: {Template}"=Based Phrasal {LFG} Approaches and a Lexical {HPSG} Alternative},
  DOI = {10.5281/zenodo.1441351},
  NUMBER = {2},
  SERIES = {Conceptual Foundations of Language Science},
  TITLE = {A Lexicalist Account of Argument Structure: {Template}"=Based Phrasal {LFG} Approaches and a Lexical {HPSG} Alternative},
  YEAR = {2018},
}

@ARTICLE{MuellerPotentialStructure,
  AUTHOR = {Müller, Stefan},
  JOURNAL = {Linguistic Issues in Language Technology},
  NUMBER = {3},
  PAGES = {1--10},
  TITLE = {Complex Predicates: {Structure}, Potential Structure and Underspecification},
  VOLUME = {16},
  YEAR = {2019},
}

@BOOK{MuellerGT-Eng4,
  AUTHOR = {Müller, Stefan},
  PUBLISHER = {Language Science Press},
  ADDRESS = {Berlin},
  BOOKTITLE = {Grammatical Theory: {From} {Transformational Grammar} to Constraint"=Based Approaches},
  DOI = {10.5281/zenodo.3992307},
  EDITION = {4},
  IDS = {MuellerGT-Eng},
  LANGID = {english},
  NUMBER = {1},
  SERIES = {Textbooks in Language Sciences},
  TITLE = {Grammatical Theory: {From} {Transformational Grammar} to Constraint"=Based Approaches},
  YEAR = {2020},
}

@BOOK{MuellerGS,
  AUTHOR = {Müller, Stefan},
  PUBLISHER = {Language Science Press},
  ADDRESS = {Berlin},
  BOOKTITLE = {German Sentence Structure: {An} Analysis with Special Consideration of So-Called Multiple Fronting},
  IDS = {muller2018clause},
  NOTE = {\underRevision},
  NUMBER = {none},
  SERIES = {Empirically Oriented Theoretical Morphology and Syntax},
  TITLE = {German Clause Structure: {An} Analysis with Special Consideration of So-Called Multiple Fronting},
  YEAR = {2021},
}

@INCOLLECTION{MuellerOrder,
  AUTHOR = {Müller, Stefan},
  CROSSREF = {HPSGHandbook},
  DOI = {10.5281/zenodo.5599836},
  PAGES = {369--417},
  TITLE = {Constituent Order},
}

@INCOLLECTION{MuellerHPSGHandbook,
  AUTHOR = {Müller, Stefan},
  CROSSREF = {KA2015a2-ed},
  DOI = {10.1515/9783110363708-004},
  PAGES = {937--973},
  TITLE = {{HPSG} -- {A} Synopsis},
}

@INCOLLECTION{MuellerCxG,
  AUTHOR = {Müller, Stefan},
  CROSSREF = {HPSGHandbook},
  DOI = {10.5281/zenodo.5599882},
  PAGES = {1497--1553},
  TITLE = {{HPSG and Construction Grammar}},
}

@INPROCEEDINGS{Mueller2003e,
  AUTHOR = {Müller, Stefan},
  URL = {http://csli-publications.stanford.edu/HPSG/2003/mueller.pdf},
  CROSSREF = {Mueller2003a-ed},
  PAGES = {278--297},
  TITLE = {Object"=To"=Subject"=Raising and Lexical Rule: {An} Analysis of the {German} Passive},
}

@INCOLLECTION{MuellerSatztypen,
  AUTHOR = {Müller, Stefan},
  CROSSREF = {FM2015a-ed},
  DOI = {10.1515/9783110423112-004},
  LANGID = {ngerman},
  PAGES = {72--105},
  TITLE = {{Satztypen: Lexikalisch oder/und phrasal}},
}

@INCOLLECTION{MuellerGrammix,
  AUTHOR = {Müller, Stefan},
  CROSSREF = {geaf2007},
  IDS = {Mueller2007b},
  PAGES = {259--266},
  TITLE = {The {Grammix CD Rom}: {A} Software Collection for Developing Typed Feature Structure Grammars},
}

@BOOK{HPSGHandbook,
  EDITOR = {Müller, Stefan and Abeillé, Anne and Borsley, Robert D. and Koenig, Jean-Pierre},
  PUBLISHER = {Language Science Press},
  ADDRESS = {Berlin},
  BOOKTITLE = {{Head-Driven Phrase Structure Grammar: The} Handbook},
  DOI = {10.5281/zenodo.5543318},
  NUMBER = {9},
  SERIES = {Empirically Oriented Theoretical Morphology and Syntax},
  TITLE = {{Head-Driven Phrase Structure Grammar: The} Handbook},
  YEAR = {2021},
}

@INCOLLECTION{MuellerCurrentApproaches,
  AUTHOR = {Müller, Stefan and {Machicao y Priemer}, Antonio},
  CROSSREF = {KMR2019a-ed},
  DOI = {10.1515/9783110540253-012},
  PAGES = {317--359},
  TITLE = {{Head-Driven Phrase Structure Grammar}},
}

@INPROCEEDINGS{MOe2013a,
  AUTHOR = {Müller, Stefan and Ørsnes, Bjarne},
  URL = {http://csli-publications.stanford.edu/HPSG/2013/mueller-oersnes.pdf},
  CROSSREF = {Mueller2013a-ed},
  PAGES = {140--160},
  TITLE = {Passive in {Danish}, {English}, and {German}},
  URLDATE = {2021-02-10},
}

@INPROCEEDINGS{MOe2011a,
  AUTHOR = {Müller, Stefan and Ørsnes, Bjarne},
  URL = {http://csli-publications.stanford.edu/HPSG/2011/mueller-oersnes.pdf},
  CROSSREF = {Mueller2011a-ed},
  PAGES = {167--187},
  TITLE = {Positional Expletives in {Danish}, {German}, and {Yiddish}},
  URLDATE = {2021-02-10},
}

@INPROCEEDINGS{MOe2013b,
  AUTHOR = {Müller, Stefan and Ørsnes, Bjarne},
  CROSSREF = {FG2012-13},
  DOI = {10.1007/978-3-642-39998-5_5},
  PAGES = {69--89},
  TITLE = {Towards an {HPSG} Analysis of Object Shift in {Danish}},
}

@BOOK{MRR2019a-ed,
  EDITOR = {Müller, Stefan and Reis, Marga and Richter, Frank},
  PUBLISHER = {Language Science Press},
  ADDRESS = {Berlin},
  BOOKTITLE = {{Beiträge zur deutschen Grammatik: Gesammelte Schriften von Tilman N. Höhle}},
  DOI = {10.5281/zenodo.2588383},
  EDITION = {2},
  NUMBER = {5},
  SERIES = {Classics in Linguistics},
  TITLE = {{Beiträge zur deutschen Grammatik: Gesammelte Schriften von Tilman N. Höhle}},
  YEAR = {2019},
}

@ARTICLE{MWArgSt,
  AUTHOR = {Müller, Stefan and Wechsler, Stephen},
  DOI = {10.1515/tl-2014-0001},
  JOURNAL = {Theoretical Linguistics},
  NUMBER = {1--2},
  PAGES = {1--76},
  TITLE = {Lexical Approaches to Argument Structure},
  VOLUME = {40},
  YEAR = {2014},
}

@ARTICLE{MWArgStReply,
  AUTHOR = {Müller, Stefan and Wechsler, Stephen},
  DOI = {10.1515/tl-2014-0009},
  JOURNAL = {Theoretical Linguistics},
  NUMBER = {1--2},
  PAGES = {187--224},
  TITLE = {Two Sides of the Same Slim {Boojum}: {Further} Arguments for a Lexical Approach to Argument Structure},
  VOLUME = {40},
  YEAR = {2014},
}

@ARTICLE{Muysken82a,
  AUTHOR = {Muysken, Pieter},
  ANNOTATION = {checkednumber = {nicht auffindbar}},
  JOURNAL = {Journal of Linguistic Research},
  PAGES = {57--75},
  TITLE = {Parametrizing the Notion of ``Head''},
  VOLUME = {2},
  YEAR = {1982},
}

@ARTICLE{Nerbonne86a,
  AUTHOR = {Nerbonne, John},
  DOI = {10.1515/ling.1986.24.5.857},
  JOURNAL = {Linguistics},
  NUMBER = {5},
  PAGES = {857--870},
  TITLE = {`{Phantoms}' and {German} Fronting: {Poltergeist} Constituents?},
  VOLUME = {24},
  YEAR = {1986},
}

@BOOK{NNP94a-ed,
  EDITOR = {Nerbonne, John and Netter, Klaus and Pollard, Carl},
  PUBLISHER = {CSLI Publications},
  ADDRESS = {Stanford, CA},
  BOOKTITLE = {German in {Head-Driven Phrase Structure Grammar}},
  NUMBER = {46},
  SERIES = {CSLI Lecture Notes},
  TITLE = {German in {Head-Driven Phrase Structure Grammar}},
  YEAR = {1994},
}

@BOOK{Netter98a,
  ABSTRACT = {u.a. Koordination, sep Praef.},
  AUTHOR = {Netter, Klaus},
  PUBLISHER = {Deutsches Forschungszentrum für Künstliche Intelligenz \andund{} Uni\-ver\-si\-tät des Saarlandes},
  ADDRESS = {Saar\-brü\discretionary{k-}{k}{ck}en},
  NUMBER = {3},
  SERIES = {Saar\-brü\discretionary{k-}{k}{ck}en Dissertations in Computational Linguistics and Language Technology},
  TITLE = {Functional Categories in an {HPSG} for {German}},
  YEAR = {1998},
}

@INPROCEEDINGS{Netter92,
  AUTHOR = {Netter, Klaus},
  CROSSREF = {Goerz92a-ed},
  PAGES = {218--227},
  TITLE = {On Non-Head Non-Movement: {An} {HPSG} Treatment of Finite Verb Position in {German}},
}

@BOOK{Oppenrieder91a,
  ABSTRACT = {gibt keine Quellen an und erklaert das zur Methode},
  AUTHOR = {Oppenrieder, Wilhelm},
  PUBLISHER = {Max Niemeyer Verlag},
  ADDRESS = {Tübingen},
  NUMBER = {241},
  SERIES = {Linguisitische Arbeiten},
  TITLE = {{Von Subjekten, Sätzen und Subjektsätzen}},
  YEAR = {1991},
}

@ARTICLE{Oersnes2009b,
  AUTHOR = {Ørsnes, Bjarne},
  JOURNAL = {Deutsch als Fremdsprache},
  NUMBER = {3},
  PAGES = {143--149},
  TITLE = {{Das Verbalfeldmodell: Ein Stellungsfeldermodell für den kontrastiven DaF-Unterricht}},
  VOLUME = {46},
  YEAR = {2009},
}

@MISC{PCKSDMC2017a,
  AUTHOR = {Pabst, Katharina and Cépeda, Paola and Kotek, Hadas and Syrett, Kristen and Donelson, Katharine and McCarvel, Miranda},
  URL = {https://paolacepeda.files.wordpress.com/2018/01/lsa2018_pabst-et-al-_gender-bias-in-linguistics-textbooks.pdf},
  BOOKTITLE = {Gender Bias in Linguistic Textbooks: {Has} Anything Changed since Macauly \& Brice (1997)},
  HOWPUBLISHED = {Slides of a talk given at the LSA annual meeting 2017},
  TITLE = {Gender Bias in Linguistic Textbooks: {Has} Anything Changed since Macauly \& Brice (1997)},
  URLDATE = {2020-06-15},
  YEAR = {2017},
}

@INPROCEEDINGS{Penn2004a-u,
  AUTHOR = {Penn, Gerald},
  CROSSREF = {acl2004},
  DOI = {10.3115/1218955.1218986},
  PAGES = {239--246},
  TITLE = {Balancing Clarity and Efficiency in Typed Feature Logic Through Delaying},
}

@INPROCEEDINGS{Perlmutter78,
  AUTHOR = {Perlmutter, David M.},
  PUBLISHER = {Berkeley Linguistic Society},
  URL = {https://escholarship.org/uc/item/73h0s91v},
  BOOKTITLE = {Proceedings of the {4th Annual Meeting of the Berkeley Linguistics Society}},
  PAGES = {157--189},
  TITLE = {Impersonal Passives and the {Unaccusative Hypothesis}},
  URLDATE = {2018-04-26},
  YEAR = {1978},
}

@BOOK{Plank2003b-ed,
  EDITOR = {Plank, Frans},
  PUBLISHER = {Universität Konstanz},
  URL = {https://typo.uni-konstanz.de/rara/intro/},
  ANNOTATION = {79 = V2 nach verb second suchen},
  BOOKTITLE = {{Das grammatische Raritätenkabinett}},
  TITLE = {{Das grammatische Raritätenkabinett}},
  URLDATE = {2020-04-27},
  YEAR = {2003},
}

@INCOLLECTION{Poletto2002a-u,
  AUTHOR = {Poletto, Cecilia},
  EDITOR = {Barbiers, Sjef and Cornips, Leonie and van der Kleij, Susanne},
  PUBLISHER = {Meertens Instituut},
  URL = {https://www.meertens.knaw.nl/books/synmic/pdf/poletto.pdf},
  BOOKTITLE = {Syntactic Microvariation},
  PAGES = {214--242},
  TITLE = {The Left-Periphery of {V2-Rhaetoromance} Dialects: {A} New View on {V2} and {V3}},
  URLDATE = {2020-04-27},
  YEAR = {2002},
}

@INCOLLECTION{Pollard90a,
  AUTHOR = {Pollard, Carl J.},
  CROSSREF = {BvH96a-ed},
  DOI = {10.1515/9783110873467.279},
  NOTE = {Veröffentlichte Version eines Ms. von 1990},
  PAGES = {279--305},
  TITLE = {On Head Non-Movement},
  YEAR = {1996},
}

@BOOK{ps,
  AUTHOR = {Pollard, Carl and Sag, Ivan A.},
  PUBLISHER = {CSLI Publications},
  ADDRESS = {Stanford, CA},
  IDS = {PollardandSag1987,PollardSag1987,pollard+sag:1987,hpsg1,Pollard:Sag:1987,pollard;sag87,Pollard87},
  NUMBER = {13},
  SERIES = {CSLI Lecture Notes},
  TITLE = {Information-Based Syntax and Semantics},
  YEAR = {1987},
}

@BOOK{ps2,
  AUTHOR = {Pollard, Carl and Sag, Ivan A.},
  PUBLISHER = {The University of Chicago Press},
  ADDRESS = {Chicago, IL},
  IDS = {PollardandSag1994,PollardSag1994,Pollard+Sag:1994,pollard+sag:1994,pollardsag,hpsg,Pollard:Sag:1994,pollard;sag94,Pollard94,Pollard:Sag:94},
  NUMBER = {4},
  SERIES = {Studies in Contemporary Linguistics},
  TITLE = {{Head-Driven Phrase Structure Grammar}},
  YEAR = {1994},
}

@INPROCEEDINGS{Prince89a,
  AUTHOR = {Prince, Ellen F.},
  EDITOR = {Powers, Joyce and de Jong, Kenneth},
  PUBLISHER = {Ohio State University},
  ANNOTATION = {Rooryck94a:199 wh-morphems in FR sind morphologisch identisch mit wh-Morphemen inFragen, nicht mit Relativpronomina},
  BOOKTITLE = {Proceedings of {ESCOL 5 1988}},
  PAGES = {403--415},
  TITLE = {Yiddish \emph{Wh}-Clauses, Subject-Postposing, and Topicalization},
  YEAR = {1989},
}

@INCOLLECTION{Prze99,
  AUTHOR = {Przepiórkowski, Adam},
  CROSSREF = {WKK99a-ed},
  PAGES = {231--245},
  TITLE = {On Case Assignment and ``Adjuncts as Complements''},
  YEAR = {1999},
}

@ARTICLE{PK2006a-u,
  AUTHOR = {Przepiórkowski, Adam and Kupść, Anna},
  JOURNAL = {Glossos},
  PAGES = {1--68},
  TITLE = {{HPSG} for {Slavicists}},
  VOLUME = {8},
  YEAR = {2006},
}

@BOOK{PP2020a-ed,
  EDITOR = {Putnam, Michael T. and Page, B. Richard},
  PUBLISHER = {Cambridge University Press},
  ADDRESS = {Cambridge, UK},
  ANNOTATION = {was 2017 a},
  BOOKTITLE = {{Cambridge} Handbook of {Germanic} Linguistics},
  DOI = {10.1017/9781108378291},
  NUMBER = {33},
  SERIES = {Cambridge Handbooks in Language and Linguistics},
  TITLE = {{Cambridge} Handbook of {Germanic} Linguistics},
  YEAR = {2020},
}

@BOOK{QGLS85a-u,
  AUTHOR = {Quirk, Randolph and Greenbaum, Sidney and Leech, Geoffrey and Svartvik, Jan},
  PUBLISHER = {Longman},
  ADDRESS = {London},
  TITLE = {A Comprehensive Grammar of the {English} Language},
  YEAR = {1985},
}

@ARTICLE{Reis80a,
  AUTHOR = {Reis, Marga},
  DOI = {10.3406/drlav.1980.957},
  JOURNAL = {Documentation et Recherche en Linguistique Allemande Contemporaine. Revue de Linguistique},
  NUMBER = {none},
  PAGES = {59--85},
  TITLE = {On justifying Topological Frames: `{Positional} Field' and the Order of Nonverbal Constituents in {German}},
  VOLUME = {22/23},
  YEAR = {1980},
}

@INCOLLECTION{Rizzi1990a-u,
  AUTHOR = {Rizzi, Luigi},
  ANNOTATION = {residual V2},
  CROSSREF = {MN90a-ed},
  DOI = {10.1515/9783110867848.375},
  PAGES = {375--386},
  TITLE = {Speculations on Verb-Second},
}

@BOOK{Roberts93a-u,
  AUTHOR = {Roberts, Ian},
  PUBLISHER = {Kluwer Academic Publishers},
  ADDRESS = {Dordrecht},
  ANNOTATION = {Although the best-known cases of the V2 constraint are found in the Germanic languages, this constraint is not limited to those languages. Romansch (Arquint 1964: 11, Thani 1969: 143; cf. also Haiman 1971, 1974, 1988) and various dialects in the extreme North of Italy in an area near the Swiss-Italian border (Beninca 1986) have it. Moreover, a number of Romance languages show some form of V2 constraint at earlier stages in their history: French, Occitan, medieval Northern Italian dialects, Flor- entine, Portuguese (Mattos e Silva 1989, Ribeiro 1990), see 2.1.2.,2.3.1., 2.3.2., on French and 2.4.3. on the Italian varieties; further references},
  BOOKTITLE = {Verbs and Diachronic Syntax: {A} Comparative History of {English} and {French}},
  DOI = {10.1007/978-94-011-2910-7},
  NUMBER = {28},
  SERIES = {Studies in Natural Language and Linguistic Theory},
  TITLE = {Verbs and Diachronic Syntax: {A} Comparative History of {English} and {French}},
  YEAR = {1993},
}

@BOOK{Robinson1992a-u,
  AUTHOR = {Robinson, Orrin W.},
  PUBLISHER = {Stanford University Press},
  ADDRESS = {Stanford, CA},
  ANNOTATION = {zitiert in Wikipedia https://en.wikipedia.org/wiki/West_Germanic_languages Origins zur Annahme, dass West Germanic languages keinen gemeinsamen Ursprung haben},
  BOOKTITLE = {Old {English} and Its Closest Relatives: {A} Survey of the Earliest {Germanic} Languages},
  TITLE = {{Old English} and Its Closest Relatives: {A} Survey of the Earliest {Germanic} Languages},
  YEAR = {1992},
}

@ARTICLE{Ross2004a-u,
  AUTHOR = {Ross, Malcolm D.},
  ANNOTATION = {V2: anscheinend auch noch in den austronesischen Sprachen Taiof und Sisiqa},
  JOURNAL = {Language and Linguistics},
  NUMBER = {2},
  PAGES = {491--541},
  TITLE = {The Morphosyntactic Typology of Oceanic Languages},
  VOLUME = {5},
  YEAR = {2004},
}

@ARTICLE{Sag97a,
  ABSTRACT = {Kathol2000a:21 -> head analysis for {English} complementizers Die Sache mit der Extra Regel für N-RS-Kombination funktioniert wegen Extraposition von Relativsätzen nicht. Siehe Review von Kim 2020.},
  AUTHOR = {Sag, Ivan A.},
  DOI = {10.1017/S002222679700652X},
  IDS = {Sag1997,Sag97,Sag:97},
  JOURNAL = {Journal of Linguistics},
  NUMBER = {2},
  PAGES = {431--483},
  TITLE = {English Relative Clause Constructions},
  VOLUME = {33},
  YEAR = {1997},
}

@INCOLLECTION{Sag2012a,
  AUTHOR = {Sag, Ivan A.},
  CROSSREF = {BS2012a-ed},
  IDS = {Sag:12,Sag2012,cxsag07},
  PAGES = {69--202},
  TITLE = {{Sign-Based Construction Grammar}: {An} Informal Synopsis},
}

@INCOLLECTION{SBK2012a,
  AUTHOR = {Sag, Ivan A. and Boas, Hans C. and Kay, Paul},
  CROSSREF = {BS2012a-ed},
  PAGES = {1--29},
  TITLE = {Introducing {Sign-Based Construction Grammar}},
}

@ARTICLE{Sag2020a,
  AUTHOR = {Sag, Ivan A. and Chaves, Rui and Abeillé, Anne and Estigarribia, Bruno and {Van Eynde}, Frank and Flickinger, Dan and Kay, Paul and Michaelis-Cummings, Laura A. and Müller, Stefan and Pullum, Geoffrey K. and Wasow, Thomas},
  DOI = {10.1017/S002222671800052X},
  IDS = {Sagetal2020,SagEtAl20},
  JOURNAL = {Journal of Linguistics},
  NUMBER = {1},
  PAGES = {87--155},
  TITLE = {Lessons from the {English} Auxiliary System},
  VOLUME = {56},
  YEAR = {2020},
}

@BOOK{SWB2003a,
  AUTHOR = {Sag, Ivan A. and Wasow, Thomas and Bender, Emily M.},
  PUBLISHER = {CSLI Publications},
  ADDRESS = {Stanford, CA},
  EDITION = {2},
  IDS = {sagwasowbender,Sag+etal:2003,Sag:Wasow:ea:03,Sag:Wasow:Bender:2003,sag2003syntactic,SagWasow03},
  NUMBER = {152},
  SERIES = {CSLI Lecture Notes},
  TITLE = {Syntactic Theory: {A} Formal Introduction},
  YEAR = {2003},
}

@BOOK{Scherpenisse86a,
  AUTHOR = {Scherpenisse, Wim},
  PUBLISHER = {Peter Lang},
  ADDRESS = {Frankfurt/M.},
  NUMBER = {47},
  SERIES = {Europäische Hochschulschriften, Reihe {XXI}, Linguistik},
  TITLE = {The Connection Between Base Structure and Linearization Restrictions in {German} and {Dutch}},
  YEAR = {1986},
}

@PROCEEDINGS{acl2004,
  EDITOR = {Scott, Donia},
  PUBLISHER = {Association for Computational Linguistics},
  ADDRESS = {Barcelona, Spain},
  BOOKTITLE = {Proceedings of the {42nd Meeting of the Association for Computational Linguistics (ACL'04)}},
  TITLE = {Proceedings of the {42nd Meeting of the Association for Computational Linguistics (ACL'04)}},
  YEAR = {2004},
}

@BOOK{SK2003a-ed,
  EDITOR = {Seuren, Pieter A. M. and Kempen, Gerard},
  PUBLISHER = {John Benjamins Publishing Co.},
  ADDRESS = {Amsterdam},
  BOOKTITLE = {Verb Constructions in {German} and {Dutch}},
  DOI = {10.1075/cilt.242},
  NUMBER = {242},
  SERIES = {Current Issues in Linguistic Theory},
  TITLE = {Verb Constructions in {German} and {Dutch}},
  YEAR = {2003},
}

@ARTICLE{SSB2001a,
  ABSTRACT = {This article reports on two experiments waith native speakers of German that were conducted to determine the influence of different types of German generics on the cognitive inclusion of women. The results of these studies show that masculine versus other types of generics influence the retrieval of male and female exemplars from memory. This is the first piece of empirical evidence for this kind of effect with regard to the German language.},
  AUTHOR = {Stahlberg, Dagmar and Sczesny, Sabine and Braun, Friederike},
  DOI = {10.1177/0261927X01020004004},
  JOURNAL = {Journal of Language and Social Psychology},
  NUMBER = {4},
  PAGES = {464--469},
  TITLE = {Name Your Favorite Musician: {Effects} of Masculine Generics and of their Alternatives in {German}},
  VOLUME = {20},
  YEAR = {2001},
}

@ARTICLE{Storto2003a-u,
  AUTHOR = {Storto, Luciana R.},
  JOURNAL = {Revista Letras},
  PAGES = {411--433},
  TITLE = {Interactions between Verb Movement and Agreement in {Karitiana} ({Tupi} Stock)},
  VOLUME = {60},
  YEAR = {2003},
}

@BOOK{Tesniere2015a-u,
  AUTHOR = {Tesnière, Lucien},
  PUBLISHER = {John Benjamins Publishing Co.},
  ADDRESS = {Amsterdam},
  BOOKTITLE = {Elements of Structural Syntax},
  DOI = {10.1075/z.185},
  NOTE = {Translated by Timothy Osborne and Sylvain Kahane},
  NUMBER = {none},
  SERIES = {none},
  TITLE = {Elements of Structural Syntax},
  YEAR = {2015},
}

@BOOK{Thrainsson2007a-u,
  AUTHOR = {Thráinsson, Höskuldur},
  PUBLISHER = {Cambridge University Press},
  ADDRESS = {Cambridge, UK},
  ANNOTATION = {gekauft},
  DOI = {10.1017/CBO9780511619441},
  NUMBER = {none},
  SERIES = {Cambridge Syntax Guides},
  TITLE = {The Syntax of {Icelandic}},
  YEAR = {2007},
}

@BOOK{Uszkoreit87a,
  ABSTRACT = {\url{http://www.ifi.unizh.ch/CL/volk/SyntaxVorl/Uszkoreit.Rez.html}},
  AUTHOR = {Uszkoreit, Hans},
  PUBLISHER = {CSLI Publications},
  ADDRESS = {Stanford, CA},
  NUMBER = {8},
  SERIES = {CSLI Lecture Notes},
  TITLE = {Word Order and Constituent Structure in {German}},
  YEAR = {1987},
}

@BOOK{Vance97a-u,
  AUTHOR = {Vance, Barbara S.},
  PUBLISHER = {Kluwer Academic Publishers},
  ADDRESS = {Dordrecht},
  BOOKTITLE = {Syntactic Change in {Medieval French}: Verb-Second and Null Subjects},
  DOI = {10.1007/978-94-015-8843-0},
  NUMBER = {41},
  SERIES = {Studies in Natural Language and Linguistic Theory},
  TITLE = {Syntactic Change in {Medieval French}: {Verb}-Second and Null Subjects},
  YEAR = {1997},
}

@BOOK{WKK99a-ed,
  EDITOR = {Webelhuth, Gert and Koenig, Jean-Pierre and Kathol, Andreas},
  PUBLISHER = {CSLI Publications},
  ADDRESS = {Stanford, CA},
  BOOKTITLE = {Lexical and Constructional Aspects of Linguistic Explanation},
  NUMBER = {1},
  SERIES = {Studies in Constraint"=Based Lexicalism},
  TITLE = {Lexical and Constructional Aspects of Linguistic Explanation},
  YEAR = {1999},
}

@BOOK{Wechsler95a-u,
  AUTHOR = {Wechsler, Stephen},
  PUBLISHER = {CSLI Publications},
  ADDRESS = {Stanford, CA},
  IDS = {Wechsler1995b},
  NUMBER = {none},
  SERIES = {Dissertations in Linguistics},
  TITLE = {The Semantic Basis of Argument Structure},
  YEAR = {1995},
}

@ARTICLE{Weiss2005a-u,
  AUTHOR = {Weiß, Helmut},
  JOURNAL = {Zeitschrift für Dialektologie und Linguistik},
  NUMBER = {2},
  PAGES = {148--166},
  TITLE = {Inflected Complementizers in {Continental West Germanic} Dialects},
  VOLUME = {72},
  YEAR = {2005},
}

@INCOLLECTION{Weiss2018a-u,
  AUTHOR = {Weiß, Helmut},
  EDITOR = {Jäger, Agnes and Ferraresi, Gisella and Weiß, Helmut},
  PUBLISHER = {Oxford University Press},
  ADDRESS = {Oxford},
  BOOKTITLE = {Clause Structure and Word Order in the History of {German}},
  PAGES = {132--154},
  SERIES = {Oxford Studies in Diachronic and Historical Linguistics},
  TITLE = {The {Wackernagel Position} and Complementizer Agreement: {The} Emergence of a Syntactic Particularity at the Left Edge of the {German} Middle Field},
  YEAR = {2018},
}

@BOOK{Willis1998a-u,
  AUTHOR = {Willis, David W. E.},
  PUBLISHER = {Clarendon Press},
  ADDRESS = {Oxford},
  BOOKTITLE = {Syntactic Change in {Welsh}: {A} Study of the Loss of Verb-Second},
  TITLE = {Syntactic Change in {Welsh}: {A} Study of the Loss of Verb-Second},
  YEAR = {1998},
}

@BOOK{Wurmbrand2003b,
  AUTHOR = {Wurmbrand, Susanne},
  PUBLISHER = {Mouton de Gruyter},
  ADDRESS = {Berlin},
  ANNOTATION = {371 Seiten bei Erscheinen? Hardcover. DM 176,-- / EUR 88,-- 30.09.2013 94,95€},
  DOI = {10.1515/9783110908329},
  NUMBER = {55},
  SERIES = {Studies in Generative Grammar},
  TITLE = {Infinitives: {Restructuring} and Clause Structure},
  YEAR = {2003},
}

@MISC{Wurmbrand2003a,
  AUTHOR = {Wurmbrand, Susanne},
  HOWPUBLISHED = {Ms. University of Connecticut},
  TITLE = {Long Passive (Corpus Search Results)},
  YEAR = {2003},
}

@ARTICLE{YMJ87,
  ABSTRACT = {zitiert von SKG92, mit bei SKG ungeloesten Problemen fuer islaendischen Kasus},
  AUTHOR = {Yip, Moira and Maling, Joan and Jackendoff, Ray},
  DOI = {10.2307/415655},
  JOURNAL = {Language},
  NUMBER = {2},
  PAGES = {217--250},
  TITLE = {Case in Tiers},
  VOLUME = {63},
  YEAR = {1987},
}

@ARTICLE{ZMT85a,
  AUTHOR = {Zaenen, Annie and Maling, Joan and Thráinsson, Höskuldur},
  ANNOTATION = {Die Autoren sind abgekürzt auf dem Titelblatt},
  DOI = {10.1007/BF00133285},
  IDS = {Zaenenetal1985},
  JOURNAL = {Natural Language \& Linguistic Theory},
  NUMBER = {4},
  PAGES = {441--483},
  TITLE = {Case and Grammatical Functions: {The} {Icelandic} Passive},
  VOLUME = {3},
  YEAR = {1985},
}

